3078 5108
576 301 771 396 ‘'⁷.··

45 497 106 568 ,eb
129 494 184 556 ille
204 496 292 574 plene
321 499 437 558 diverse
466 499 517 558 eet
561 497 661 576 Bergk
691 499 784 576 igitur
811 500 882 577 quin
913 499 1051 558 erreverit
1080 499 1200 558 dubium
1222 515 1280 558 uon

68 611 123 670 est.
152 598 172 690 η
202 607 255 668 νῦν
285 600 425 682 teneone,
456 625 547 686 quem
576 607 755 687 Hephaestio
785 610 827 670 ibi
856 615 1084 681 eommemorot,¹
1108 626 1142 670 ee
1166 610 1283 671 tenturu-

68 735 137 778 esse
158 722 253 796 potest
274 721 412 791 reeeneio
434 737 509 798 queo
532 721 596 783 eius
618 723 748 797 tempore
769 721 801 780 in
822 738 879 781 usu
902 723 970 780 eret
1014 721 1093 780 Inter
1113 718 1168 783 hes
1189 720 1281 798 igitur

71 831 146 890 dues
168 830 310 895 editiones
332 831 489 902 mserimen
519 831 667 909 quoddam
688 833 765 892 eerte
787 831 857 893 fuit:
887 830 974 909 quele
1005 833 1100 891 entem
1123 830 1212 890 tuerit
1232 845 1280 888 ee-

71 942 203 1006 euretius
226 941 285 1001 <liei
305 959 363 1003 non
378 944 481 1020 potest.
515 939 571 1004 Sed
595 941 675 1011 hese.
698 943 746 1002 eni
761 933 780 1024 η
796 938 851 1003 νῦν
865 933 996 1016 ἔκδοσις
1009 943 1047 1002 eb
1063 939 1280 1018 Hephaestione

70 1053 236 1129 opponitur,
257 1053 389 1114 reeensio
411 1069 555 1131 queenem
578 1054 642 1114 est?

159 1165 264 1224 nneor.
286 1164 320 1224 fr.
344 1163 393 1236 51,
417 1164 435 1224 2
458 1165 539 1224 voris
562 1166 606 1226 est
627 1165 758 1226 eodieum
782 1165 938 1226 memorie:
967 1158 1002 1225 ἓν
1023 1153 1083 1248 ὅλη
1105 1156 1280 1246 κεροέσσης

77 1274 188 1336 hebent
209 1275 312 1336 Athen.
336 1273 377 1335 Ill
400 1274 490 1336 396d
523 1277 551 1336 et
578 1275 640 1336 Ael.
664 1275 692 1338 h.
715 1293 740 1336 e
762 1276 821 1337 VII
844 1274 892 1348 39,
925 1268 959 1335 ἐν
983 1264 1077 1348 ῧλαις
1107 1268 1281 1356 κεροέσσης

72 1389 174 1448 eutem
197 1385 287 1447 sehet.
308 1384 392 1447 Pind.
415 1385 517 1449 0.111
540 1387 590 1459 52,
612 1387 662 1465 qni
685 1389 835 1465 praetereo
857 1385 1033 1448 Zenodotum
1054 1386 1097 1447 ibi
1120 1387 1280 1447 mutavisse

72 1497 159 1558 dieit:
182 1488 364 1576 Ζηνόδοτος
379 1491 416 1557 δὲ
432 1489 647 1578 μεταποίησον
669 1490 831 1580 ε’ροέσσης,
856 1492 912 1558 διὰ
933 1491 972 1556 τὸ
987 1488 1198 1578 ἱστορεῖσθαι
1220 1491 1280 1569 τὰς

72 1599 211 1689 θηλείας
232 1601 353 1689 κέρατα
367 1601 413 1691 μὴ
433 1599 525 1684 ἔχειν,
548 1597 633 1668 ἀλλὰ
655 1601 730 1680 τοὺς
751 1595 897 1690 ἆρρένας.
921 1599 951 1668 ei
968 1601 1080 1684 μέντοι
1095 1625 1129 1687 γε
1144 1600 1281 1688 ποιηταὶ

71 1710 196 1792 πάντες
218 1713 338 1799 κέρατα
368 1711 504 1795 ἐχούσας
533 1719 695 1780 ποιοῦσιν.
741 1719 825 1780 Hune
853 1718 1007 1780 leetionem
1029 1717 1221 1780 Zenodoteem
1247 1722 1280 1780 nt
1331 1749 1334 1756 ·

74 1831 221 1908 genuinae
249 1829 383 1892 leotionis
415 1831 649 1907 deprevetionem
678 1831 789 1908 respuit
817 1829 1027 1908 Aristophanes
1048 1829 1206 1908 Bynenfius
1228 1829 1277 1904 (ei.

70 1940 138 2004 Aet
170 1939 189 2002 l.
221 1941 267 2016 α),
295 1941 347 2001 ubi
377 1939 537 2019 pleniorem
571 1957 685 2020 quoque
715 1942 900 2019 gremmetiei
931 1943 1104 2004 sententiam
1135 1942 1281 2004 redditum

74 2053 217 2114 invenies.
269 2049 411 2112 Aelianus
442 2052 535 2123 enim,
568 2055 721 2130 postquem
754 2054 830 2113 inter
858 2049 982 2112 eliorum
1010 2054 1161 2131 poetarum
1192 2052 1280 2120 etiem

74 2163 266 2224 Aneereontis
287 2162 378 2224 verbe
405 2162 512 2234 attulit,
541 2163 573 2222 in
602 2163 710 2240 quibus
740 2164 875 2227 omnibus
905 2179 1009 2225 eervee
1039 2179 1147 2224 eornue
1169 2162 1279 2222 hebere

72 2275 220 2344 dicuntur,
250 2274 293 2334 sie
322 2271 482 2334 ooneludit:
512 2267 597 2352 πρὸς
627 2268 664 2333 δὲ
693 2267 768 2347 τούς
798 2269 983 2354 μοιχῶντας
1009 2267 1047 2335 τὸ
1076 2267 1194 2350 λεχθὲν
1223 2266 1279 2333 καὶ

70 2378 185 2464 μέντοι
206 2379 261 2445 καὶ
290 2376 478 2465 φάσκοντας
507 2379 575 2444 δεῖν
605 2378 758 2465 ἔροέσσης
787 2376 922 2466 γράφειν
953 2384 1157 2462 (Aneereontis
1188 2385 1280 2463 igitur

77 2496 166 2557 verbe
188 2496 339 2573 intuetur),
363 2485 521 2576 ἀντιλέγει
542 2489 626 2556 κατὰ
647 2489 767 2578 κράτος
784 2487 1026 2579 Ἀριστοφάνης
1049 2487 1067 2557 ὁ
1089 2488 1278 2572 Βυζάντιος,

73 2600 128 2667 καὶ
151 2599 210 2686 ε’μέ
232 2624 266 2686 γε
290 2599 377 2688 αἱρεῖ
397 2605 437 2690 τῇ
460 2595 636 2690 ἀντιλογίᾳ.
670 2605 831 2669 Zenodotus
845 2609 944 2670 eutem
958 2625 1030 2670 num
1045 2609 1108 2685 ipse
1123 2606 1279 2675 leetionem

9 2785 20 2798 ,
73 2718 232 2778 mutaverit
246 2716 319 2778 mihi
335 2716 419 2778 uelde
435 2718 572 2780 dubium:
587 2735 634 2780 ree
649 2719 746 2796 potius
761 2718 834 2780 heee
848 2735 912 2780 esse
927 2720 1049 2792 videtur,
1071 2721 1104 2780 ut
1119 2717 1279 2780 zenodotus

72 2830 106 2889 in
120 2829 312 2890 Ansereontie
335 2829 495 2890 eniminum
512 2829 612 2890 oodiee
633 2846 695 2899 sno,
716 2846 803 2908 quem
818 2828 1029 2908 Aristophanes
1043 2831 1131 2890 etiem
1144 2829 1279 2907 inspexit,

68 2939 175 3000 ielsem
198 2938 353 3000 leetionem
380 2934 586 3004 ΥΛΗΙΟΕΡ
602 2985 608 3000 .
624 2985 653 3001 ..
675 2957 726 3018 pro
749 2939 961 3004 ΥΛΗΙΚΕΡ
978 2987 983 3000 .
1000 2987 1007 3000 .
1022 2986 1029 3000 .
1044 2940 1194 3001 invenerit.
1217 2939 1279 3003 Hee

71 3053 150 3112 eerte
172 3053 284 3112 eonstet
305 3043 396 3122 ὕλαις
418 3049 480 3127 (vel
495 3052 605 3120 reetiue
626 3040 743 3133 tipo),
766 3053 843 3130 quod
864 3049 955 3114 schol.
972 3049 1055 3111 Pind.
1070 3051 1197 3126 retinuit,
1219 3048 1279 3110 hue

72 3180 138 3223 esse
161 3162 366 3224 redueendum.
404 3160 540 3223 Zenodoti
561 3161 620 3223 elio
643 3179 757 3241 quoque
778 3161 841 3223 loeo
863 3163 971 3223 mentio
994 3162 1035 3224 tit
1072 3161 1171 3224 eonor.
1196 3159 1278 3222 1512

69 3271 101 3349 (e
123 3271 321 3350 Phrynioho):
352 3266 408 3334 τὸν
429 3267 466 3334 δὲ
486 3268 609 3352 μοχλὸν
631 3266 665 3334 ἐν
688 3268 735 3355 τῷ
757 3277 778 3350 2
798 3267 855 3334 καὶ
878 3263 1029 3335 Ἀττικοὶ
1057 3267 1113 3334 καὶ
1138 3271 1279 3352 Δωριεῖς

71 3379 130 3446 καὶ
142 3373 252 3456 Ἴωνες
268 3379 354 3467 πλὴν
372 3373 619 3465 Ἀνακρέοντος·
642 3369 737 3458 οὗτος
752 3378 789 3446 δὲ
803 3375 903 3466 μόνος
920 3379 1034 3460 σχεδὸν
1055 3383 1101 3466 τῷ
1123 3388 1154 3461 e,
1176 3375 1277 3465 Ζηνό-

67 3493 169 3567 δοτος
197 3489 234 3556 δὲ
257 3486 402 3576 (μοχλόν)
425 3494 528 3574 [suppl.
550 3495 662 3573 Bergk]
686 3493 731 3575 (fr.
756 3495 819 3573 88)·
843 3484 915 3557 ίκού
945 3489 1068 3574 μοκλὸν
1094 3488 1128 3555 ἐν
1157 3488 1279 3576 θύρῃσι

68 3603 202 3688 διξηζσιν
224 3597 348 3690 (οὔρησι
371 3597 480 3688 δίζησι
502 3605 588 3666 libri:
611 3623 664 3667 em.
687 3605 799 3684 Bergk)
821 3599 931 3684 βαλιὰν
952 3595 1068 3688 ἥσυχος
1097 3594 1278 3667 eoeeeoe'.

69 3719 169 3779 Huius
191 3717 310 3795 quidem
332 3717 441 3778 formae
463 3717 537 3779 fides
552 3734 734 3796 quemquem
752 3734 810 3778 non
824 3719 895 3778 setis
912 3717 1080 3783 eontlrmute
1103 3719 1156 3787 est,
1179 3721 1278 3778 temen

70 3829 235 3889 Zenodotee
249 3828 372 3889 leetione
388 3845 577 3906 quaeeunque
592 3829 648 3889 fuit
662 3827 784 3889 fortusse
799 3846 871 3906 opus
886 3845 941 3888 non
966 3831 1026 3888 est:
1048 3845 1116 3888 nem
1132 3845 1148 3888 e
1162 3826 1278 3904 vuigoni

69 3941 168 4018 potius
197 3955 329 3999 sermone
351 3941 466 4017 poetem
496 3938 572 3999 hene
601 3937 723 4000 iormem
745 3940 908 4016 sumpsisse
939 3937 1132 4012 oonioiom8).
1175 3939 1278 4016 Itaque

142 4141 169 4204 8)
187 4143 273 4201 Neque
290 4142 386 4200 relique
404 4143 512 4190 eiusdem
530 4143 661 4202 fragmenti
680 4144 757 4191 verbe
780 4143 837 4190 huie
853 4143 988 4190 sententies
1006 4143 1121 4190 obstent:
1147 4147 1278 4190 Anuereeu

71 4233 138 4279 enim
157 4229 204 4275 hoe
222 4229 277 4274 loeo
296 4228 420 4275 hominem
439 4229 560 4289 quendem
573 4227 760 4293 (Artemonomi
778 4229 809 4276 ei.
822 4229 851 4276 fr.
866 4230 910 4288 21)
926 4229 1066 4287 cavilletur,
1083 4228 1152 4277 euius
1170 4228 1278 4288 edome,

73 4327 225 4376 quemquem
243 4315 309 4360 iores
326 4315 452 4374 repagulis
470 4317 584 4362 oculusne
602 4329 650 4362 non
669 4315 727 4377 sint,
746 4315 815 4362 nulle
843 4329 883 4364 ren
901 4329 916 4362 o
934 4314 1030 4362 iuribus
1054 4320 1127 4364 neetu
1145 4315 1279 4382 auferetur,

71 4404 132 4461 quin
149 4399 249 4448 omniuo
267 4399 301 4446 ibi
316 4399 375 4446 nihil
394 4401 435 4460 sit,
453 4401 518 4460 qued
537 4402 665 4460 quisquam
684 4401 706 4448 ei
726 4400 801 4448 inrori
819 4401 906 4460 possit.
943 4401 1060 4449 Similiter
1079 4400 1190 4449 Catullus
1210 4400 1278 4447 Furii
