3078 5108
688 287 959 380 ‘-e.-

263 509 425 596 στέφανον
449 506 672 606 Ναυκρατίτην
696 511 745 594 (de
768 531 825 592 qua
849 531 875 574 v.
896 513 972 576 inira
995 533 1017 576 s.
1039 512 1079 594 v.)
1102 515 1136 576 fr.
1159 515 1208 580 83.
1252 515 1362 578 llodem
1377 517 1493 582 modo.

262 629 349 705 atque
372 627 507 688 omnibus
529 625 702 704 aequalibus
724 626 815 686 maris
841 626 1046 687 mediterranei
1068 628 1221 704 regionum
1244 626 1468 696 occidentalium
1529 611 1530 618 ί

260 738 384 798 seientia
407 739 433 798 oi
457 738 576 797 minime
599 738 694 797 deest:
723 737 894 798 notissimus
916 738 943 797 ei
966 739 1010 798 est
1031 736 1240 799 Tartessiorum
1263 737 1313 798 ille
1336 755 1394 810 rex,
1416 739 1466 816 qui

261 850 378 910 centum
403 847 615 926 quinquaginta
641 864 731 908 annos
760 848 894 925 regnavit
916 847 961 921 (ir.
984 846 1024 922 8),
1055 849 1249 926 Arganthonii
1271 851 1387 909 nomine
1409 865 1465 909 non

260 958 405 1038 appellato
421 958 528 1035 (Sbab.
551 958 597 1019 III
614 955 697 1036 151),
713 959 782 1036 quia
798 976 830 1019 eo
846 961 975 1037 tempore
990 960 1120 1021 omnium
1136 961 1192 1020 fnit
1213 961 1244 1020 in
1266 977 1330 1031 ore;
1353 961 1465 1037 primns

260 1070 316 1130 hoe
338 1070 442 1131 senisse
473 1071 586 1131 videtur
614 1069 778 1130 Herodotus
801 1067 829 1146 (Ι
854 1066 936 1149 163),
966 1071 1017 1149 qui
1047 1073 1163 1132 eentum
1190 1072 1296 1150 viginti
1324 1088 1465 1132 annorum

260 1198 333 1260 quos
355 1181 426 1241 vixit
448 1182 594 1258 octoginta
615 1199 682 1242 eum
697 1181 867 1258 regnavisse
889 1182 978 1258 addit,
1001 1181 1165 1244 fabulosam
1188 1183 1223 1243 de
1247 1201 1278 1244 eo
1295 1183 1464 1243 memoriam

259 1291 432 1370 aequalibus
454 1291 577 1370 ahisque
599 1290 694 1367 (velut
709 1291 857 1353 Ciceroni:
880 1292 917 1354 ot.
935 1293 995 1354 Get.
1011 1294 1077 1354 mai.
1094 1292 1148 1370 60)
1163 1294 1206 1355 sic
1229 1293 1463 1354 verisimiliorem

260 1403 378 1464 faciens.
433 1402 614 1477 Quibuscum
650 1402 684 1463 of.
717 1401 793 1463 Plin.
825 1421 852 1462 n.
886 1403 914 1462 h.
950 1402 1008 1464 VII
1043 1402 1118 1464 154:
1161 1401 1336 1467 Anacreon
1367 1407 1466 1484 pocta

257 1511 480 1594 Arganthonic
513 1509 746 1576 Tartessiorum
777 1513 844 1595 regi
871 1509 925 1576 Oh
948 1511 1060 1578 tribuit
1090 1533 1202 1591 annos,
1237 1511 1377 1596 Cinyrae
1404 1510 1466 1595 Oa·

259 1624 405 1704 priorum
428 1623 532 1687 decern
556 1623 653 1687 annis
676 1623 825 1704 amplias,
847 1622 992 1706 Aegimr'c
1018 1621 1081 1688 00.
1127 1623 1260 1706 (Praeter
1288 1626 1467 1688 Tartessium

260 1736 315 1797 hos
337 1753 451 1815 quoque
466 1739 550 1814 poeta
573 1752 641 1796 num
657 1736 857 1808 nominaverit,
879 1738 1009 1796 nontam
1026 1738 1160 1814 certum.)
1193 1739 1287 1816 Atque
1309 1736 1464 1815 paululum

259 1848 334 1908 infra
356 1848 434 1908 idem
458 1848 542 1907 dicit:
573 1845 629 1909 sed
660 1849 697 1908 nt
726 1845 770 1909 ad
800 1844 945 1926 confessa
975 1848 1184 1944 trqnsearnaa
1206 1846 1469 1929 Arganthoniam

262 1956 464 2022 Gaditanam
493 1955 632 2020 LXXX
663 1957 759 2020 annis
791 1975 940 2039 regnasse
967 1976 1071 2039 prope
1104 1961 1222 2022 certam
1256 1963 1311 2036 est,
1342 1962 1471 2039 patant

259 2068 502 2151 quadragesimo
525 2073 671 2149 coepisse.

345 2180 453 2254 Restat,
476 2185 508 2242 ut
529 2182 578 2242 hio
601 2184 637 2243 de
652 2183 780 2262 antiquis
796 2183 985 2243 Anacreontis
1001 2184 1164 2244 carminum
1177 2183 1355 2270 editionibus
1371 2199 1469 2261 pauca

260 2293 375 2354 addam.

345 2402 524 2481 Hephaestio
555 2405 586 2465 in
616 2423 648 2465 eo
678 2404 773 2467 libelli
803 2403 874 2482 loco,
905 2406 935 2464 in
964 2421 1021 2482 quo
1052 2406 1087 2465 de
1110 2406 1301 2467 Anacreontis
1329 2407 1471 2467 carminis

260 2516 346 2593 primi
375 2515 578 2576 distributione
615 2515 761 2593 strophica
790 2514 926 2593 loquitur,
955 2515 1028 2576 haec
1060 2515 1130 2576 dicit
1152 2512 1193 2594 (p.
1217 2514 1257 2577 70
1273 2515 1351 2593 W.):
1382 2511 1471 2578 κατά

258 2619 319 2704 μὲν
341 2620 401 2708 γάρ
424 2621 480 2708 τὴν
497 2627 550 2687 νῦν
575 2619 706 2688 ἔκδοσιν
721 2615 909 2699 incenante
923 2627 952 2703 ⁷)
976 2620 1067 2687 ἐστιν
1089 2617 1257 2709 desponsi,
1283 2623 1351 2688 κτλ.
1382 2627 1469 2689 Duae

259 2737 350 2814 igitur
383 2739 544 2798 carminum
575 2740 759 2799 recensiones
796 2738 927 2809 luerunt,
961 2755 1035 2814 quae
1068 2738 1190 2797 diversis
1225 2739 1404 2815 temporibus
1437 2741 1470 2801 in

260 2864 316 2907 usu
349 2848 439 2908 fuisse
474 2850 616 2909 videniur.
653 2851 749 2927 Atque
780 2849 879 2927 Bergk
910 2849 1035 2926 quidem,
1072 2866 1138 2908 oum
1167 2843 1223 2932 τὴν
1252 2849 1305 2910 νῦν
1336 2841 1469 2911 ἔκδοσιν

259 2959 476 3022 Aristarcheam
507 2978 571 3022 esse
592 2977 764 3038 persuasum
786 2960 908 3022 haberet
929 2960 1045 3035 (Anacr.
1068 2979 1096 3037 p.
1120 2955 1183 3039 26),
1211 2977 1274 3022 eam
1297 2961 1333 3022 ab
1357 2962 1471 3022 Aristo·

259 3069 375 3148 phanea
405 3073 625 3132 discernendam
656 3089 721 3132 esse
742 3071 861 3149 putavit.
905 3071 951 3131 lta
982 3088 1047 3131 esse
1078 3087 1112 3131 ex
1142 3072 1180 3130 iis
1210 3069 1374 3141 conclusit
1391 3088 1470 3149 quac

259 3179 437 3258 Hephaestio
466 3183 501 3242 de
530 3182 630 3243 Alcaei
660 3182 879 3242 recensionibus
910 3182 982 3241 dixit
1015 3180 1054 3259 (p.
1078 3180 1118 3241 75
1142 3181 1218 3258 W.):
1249 3175 1307 3242 ἐντί
1337 3176 1373 3242 δὲ
1402 3181 1472 3243 ’τῶν

256 3280 412 3353 Ἀλκαίου
428 3285 529 3369 ἰδίως,
544 3287 627 3354 κατά
643 3287 703 3372 μὲν
718 3287 775 3375 τὴν
786 3281 1059 3374 Ἀριστοφάνειον
1074 3284 1217 3370 ἔκδοσιν,
1242 3283 1259 3352 ὁ
1275 3281 1470 3374 ἀστερίσκος
1529 3373 1530 3390 ρ

260 3397 319 3464 ἐντί
334 3395 558 3486 ἑτερομετρίας
574 3397 705 3466 ἐτίθετο
722 3396 837 3486 μόνης·
854 3397 938 3464 κατὰ
952 3397 989 3464 δὲ
1004 3397 1060 3486 τὴν
1075 3403 1129 3462 νῦν
1144 3398 1200 3486 τὴν
1211 3392 1470 3487 Ἀριστάρχειον,

260 3509 320 3575 καί
344 3508 401 3576 ἐντί
433 3508 624 3597 ποιημάτων
654 3512 844 3597 μεταβολῆς.
890 3514 946 3576 Sed
977 3516 1019 3575 ibi
1048 3516 1210 3577 recensioni
1240 3514 1473 3593 Aristophaueae

262 3628 418 3705 opponitur
450 3618 468 3709 ἡ
500 3623 556 3688 νῦν
583 3619 713 3700 ἔκδυσις
745 3618 764 3709 ip
796 3615 1057 3709 Ἀριστάρχειοςι
1092 3628 1189 3704 itaque
1222 3642 1289 3685 cum
1322 3613 1378 3686 hoo
1408 3626 1472 3686 loco

261 3736 440 3815 Hephaestio
471 3739 565 3798 verbis
595 3732 651 3821 τὴν
673 3737 727 3798 νῦν
757 3740 845 3799 addat
867 3732 923 3819 τὴν
940 3727 1197 3819 Ἀριστάρχειον,
1223 3736 1297 3797 haec
1320 3738 1472 3797 distinctio

262 3909 340 3956 utitur
358 3909 417 3954 Her.
435 3909 470 3955 IV
487 3911 533 3956 11⁷
552 3908 626 3973 φωνῇ
641 3903 670 3960 δὲ
689 3906 711 3958 οἱ
730 3905 897 3972 Σαυρομάται
915 3904 1043 3970 νομίζουσι
1054 3903 1185 3972 Σκυθικῇ,
1204 3903 1383 3966 σολοικίζοντες
1400 3899 1471 3971 asir-q]

261 3986 312 4044 άπὸ
331 3992 375 4043 τοῦ
394 3984 508 4060 α’ρχαίου,
527 3989 582 4043 ἐπεὶ
599 3986 630 4045 ου’
650 3990 770 4059 χρηστῶς
788 3988 911 4055 tetrachae
930 3986 1010 4054 αὐτὴν
1028 3989 1055 4041 αἱ
1072 3984 1217 4055 ’sperone
1253 3989 1292 4039 Oi.
1305 3992 1366 4040 Ηοο,
1386 3990 1471 4042 sobet·

263 4074 373 4142 κισμός·
394 4070 437 4130 ὅτε
456 4095 494 4136 τις
512 4072 625 4145 οίτέχνιυς
643 4077 793 4143 διαλέγεται.
1106 4131 1109 4138 ,

333 4165 357 4226 7)
376 4165 438 4214 Cum
461 4165 512 4213 -hao
539 4168 656 4214 carminis
682 4166 854 4214 distributione
881 4164 1013 4213 cohaerere
1041 4163 1173 4211 lectionem
1198 4159 1294 4226 θηρίων
1313 4178 1336 4209 v.
1356 4164 1381 4221 3,
1405 4177 1472 4223 quas

262 4251 352 4299 tradita
368 4256 407 4299 ast
418 4253 483 4312 apud
495 4267 646 4314 anonymam
659 4252 851 4300 Ambrosianum
865 4251 988 4312 quandam
1001 4250 1103 4309 (Anecd.
1118 4249 1188 4296 varia
1201 4263 1236 4308 gr.
1250 4250 1261 4295 Ι
1275 4250 1324 4298 230
1338 4247 1472 4307 stadam),

263 4337 439 4385 animadvertit
456 4339 548 4399 Bergk.
566 4338 672 4386 Carmen
692 4352 750 4385 aum
772 4338 893 4396 integrum
912 4337 1011 4384 sitnon
1030 4342 1134 4391 constat,
1153 4335 1210 4394 qaia
1227 4336 1334 4382 fortasse
1351 4333 1426 4380 etiarn
1445 4334 1471 4380 in

262 4424 381 4484 proximis
400 4425 513 4472 similiter
531 4429 652 4472 mutatum
671 4430 732 4484 erat,
751 4428 777 4470 ut
795 4437 840 4484 pro
859 4437 935 4470 versu
954 4422 1115 4482 pherecraten
1133 4421 1268 4482 glyconeus
1285 4422 1416 4478 legeretur,
