3078 5108
623 309 840 378 ..2¹1-

126 504 158 568 7.
206 505 353 568 Postremo
390 507 427 572 de
467 524 567 570 eorum
611 507 840 588 fragmentorum
850 491 862 583 ,’
901 525 976 588 qnae
1018 509 1158 572 maiorem
1193 525 1332 572 ramnum

126 635 284 683 numerum
306 619 461 694 continent,
484 621 691 700 compositione
712 637 807 700 pauca
828 621 936 686 addere
958 620 1031 684 vole.

213 728 248 793 tr.
271 730 299 793 2.
330 729 427 794 Verba
448 717 537 810 ὦναξ
557 725 732 813 γουνοῦμαί
753 749 789 794 σε
805 731 846 813 (ν.
864 733 890 796 1.
907 729 939 814 6)
961 734 1027 811 post
1048 717 1135 811 ὦναξ
1157 730 1332 793 vocabulum

125 841 275 902 enuntiato
297 843 466 920 pronomine
488 841 608 904 relativo
639 843 774 908 incohato
806 845 1064 922 interrumpuntur,
1094 844 1178 905 cuins
1207 841 1333 904 alterum

126 953 294 1018 membrum
315 970 368 1033 per
389 948 427 1017 δέ
448 955 632 1032 adiungitur;
656 954 719 1016 cola
733 972 808 1034 quae
823 957 986 1034 sequuntur
999 971 1052 1034 per
1073 947 1112 1016 δέ
1131 955 1331 1016 adnectuntur.

125 1062 254 1125 Schema
274 1065 366 1144 igitur
387 1073 448 1126 est:
473 1083 491 1127 a
489 1066 579 1170 &L
572 1067 605 1128 a¹
621 1068 736 1130 bede.
773 1066 837 1128 Hoc
864 1069 963 1129 autem
992 1066 1192 1146 fragmentum
1213 1059 1333 1142 λέξεως

125 1167 295 1258 εἰρομένης
316 1177 466 1261 specimen
486 1179 636 1240 nominare
656 1197 714 1241 non
737 1179 846 1242 dubito.
890 1177 979 1252 Deus,
1010 1179 1061 1258 qui
1082 1180 1113 1239 in
1134 1177 1193 1240 fine
1215 1178 1332 1238 demum

126 1285 303 1362 nominatur,
325 1289 357 1350 in
378 1288 460 1352 initio
474 1306 527 1368 per
547 1291 648 1363 socios,
662 1307 786 1369 quorum
801 1291 1009 1353 consuetudine
1023 1291 1122 1364 utitur,
1144 1288 1327 1368 significatur

127 1434 169 1444 —
192 1399 228 1462 ir.
247 1399 275 1463 1.
298 1399 455 1472 Paululum
477 1401 659 1464 artificiosior
681 1404 725 1464 set
738 1403 827 1481 primi
850 1403 990 1464 carminis
1012 1401 1206 1465 conformatio.
1237 1399 1333 1460 Diana

125 1509 307 1590 imploratur,
329 1529 436 1575 numen
459 1515 558 1576 autem
582 1514 646 1578 eius
668 1512 755 1590 quale
777 1514 816 1574 sit
838 1514 1004 1575 accuratius
1026 1513 1200 1574 describitur
1221 1512 1270 1588 ita,
1299 1512 1332 1571 ut

127 1622 224 1684 tribua
253 1622 399 1702 epithetis,
434 1641 510 1703 quae
541 1625 711 1706 gradatione
741 1626 866 1704 quadam
895 1642 954 1686 nou
984 1625 1090 1698 carent,
1125 1624 1179 1685 dea
1209 1622 1334 1694 ornetur,

128 1734 215 1796 tertio
237 1736 336 1798 autem
360 1752 459 1810 eorum
482 1737 555 1798 deae
584 1753 690 1798 nomen
711 1737 892 1815 appositione
920 1736 1059 1797 addatur:
1088 1725 1263 1814 γουνοῦμαί
1288 1721 1334 1812 α’,

129 1836 324 1928 alopeciis,
357 1841 465 1931 ξανθὴ
499 1846 565 1908 παῖ
587 1842 679 1921 Διὸς,
715 1836 835 1930 ἀγρίων
864 1837 1017 1909 δέσποιν’
1039 1835 1181 1930 ’Ἄρτεμι
1211 1841 1333 1928 θηρῶν.

128 1957 268 2038 Sequitur
283 1959 465 2020 enuntiatum
479 1960 650 2038 pronomine
671 1958 792 2020 relativo
807 1960 952 2022 adnexum
975 1947 994 2040 ἢ
1018 1991 1055 2000 -
1078 1945 1244 2036 χαίροοοί
1265 1948 1334 2032 χαί-

129 2056 227 2150 povo'
244 2071 341 2130 autem
353 2068 527 2131 vocabulum
544 2069 674 2132 consulto
689 2071 720 2132 iu
735 2071 793 2132 fine
807 2071 896 2132 totins
910 2071 1070 2133 sententiae
1083 2070 1206 2148 ponitur,
1221 2068 1254 2128 nt
1269 2084 1335 2128 cum

129 2181 168 2241 iis
184 2198 259 2260 quae
273 2183 436 2260 sequuntur
450 2181 546 2260 magis
562 2180 714 2243 coalescat.
737 2181 818 2242 Haec
834 2183 912 2242 enim
927 2182 1016 2243 verba
1030 2168 1067 2241 ού
1082 2172 1142 2261 γὰρ
1158 2167 1335 2260 ἀνημέρους

131 2284 321 2372 ποιμαίνεις
349 2285 511 2376 πολιήτας
541 2294 595 2354 dea
616 2292 786 2373 Magnetum
818 2293 920 2354 urbem
949 2293 1108 2371 inspiciens
1137 2308 1190 2352 cur
1210 2290 1337 2369 gaudeat

130 2403 241 2466 dicum.
295 2402 386 2465 Poeta
416 2402 528 2465 litoteta
560 2393 596 2466 οὐ
626 2397 687 2485 γὰρ
719 2393 896 2486 ἀνημέρους
928 2403 1071 2466 adhibens
1110 2403 1205 2464 verbis
1237 2400 1335 2479 lepida

128 2513 214 2588 ludit,
237 2515 288 2594 qui
310 2516 430 2577 eandem
454 2516 539 2576 deam
569 2516 729 2578 bestiarum
761 2516 907 2577 dominam
931 2515 1124 2578 nominaverit
1146 2510 1194 2593 (cf.
1217 2510 1335 2576 Wilam.

129 2627 169 2688 ad
192 2625 261 2689 Eur.
283 2625 353 2690 Her.
379 2622 473 2706 1386)
502 2623 524 2706 ).

128 2797 156 2842 in
175 2809 251 2856 prosa
267 2810 365 2857 quoque
383 2797 495 2844 orations
513 2797 586 2843 huius
603 2802 741 2844 structurae
759 2797 874 2855 exempla
891 2795 1066 2856 inveniuntur3
1085 2795 1117 2843 cs.
1136 2793 1239 2844 Thumi
1257 2797 1272 2842 a
1291 2791 1335 2842 καλ

129 2877 154 2931 ot
171 2876 338 2947 πρεσβύτεροι
355 2873 443 2939 αύτοῐς
460 2879 511 2931 τῶν
530 2876 688 2944 sarapteno
705 2877 748 2932 διὰ
765 2875 794 2932 τύ
814 2875 973 2948 ἁβροδίαιτον
999 2873 1028 2930 ού
1046 2873 1124 2938 πολύς
1140 2875 1230 2946 χρόνος
1247 2871 1336 2940 ἐπειδὴ

129 2962 240 3033 χιτῶνύς
262 2980 290 3016 τε
314 2963 395 3024 λινοῦς
420 2963 562 3018 ἐπαύσαντο
586 2964 722 3032 φοροῦντες
748 2965 792 3017 καλ
816 2963 918 3033 χρυσῶν
944 2962 1063 3029 τεττίγων
1090 2961 1185 3029 §etpost
1208 2959 1337 3029 κρωβύλον

129 3044 362 3113 amandarentur·
381 3047 406 3102 ἐν
423 3050 456 3119 τῇ
474 3049 576 3119 κεφαλῇ
593 3050 695 3119 τριχῶν.

202 3135 228 3198 8)
247 3135 373 3186 Orationis
402 3138 513 3188 mambra
539 3139 664 3187 artissima
688 3139 806 3188 ἰαίνετο
832 3138 963 3186 αοίναετειο
992 3143 1097 3186 matrum
1125 3150 1222 3198 quoqne
1250 3136 1336 3184 docet:

134 3222 249 3282 singulos
268 3223 333 3271 enirn
352 3223 470 3284 cuiusque
489 3219 608 3286 atrophae'
623 3238 710 3274 versus
736 3225 858 3286 synaphia
875 3224 939 3274 iuter
965 3237 991 3272 se
1009 3223 1154 3271 coniunctos
1171 3236 1225 3270 essa
1242 3220 1338 3270 duabus
1438 3229 1441 3240 ·

133 3308 165 3355 de
183 3307 265 3356 causis
282 3313 392 3368 apparat.
430 3309 538 3358 Primum
558 3311 622 3358 enlm
640 3311 660 3358 si
679 3309 733 3370 quie
751 3324 839 3358 versus
857 3309 928 3358 brevi
944 3308 1044 3370 syllaba
1061 3309 1086 3355 in
1105 3308 1216 3355 vocalem
1232 3316 1336 3356 exeunte

132 3393 338 3453 terminationes
355 3395 500 3455 producitur
518 3396 543 3443 vi
561 3395 667 3456 duplicis
685 3396 852 3458 consonantis,
871 3402 989 3456 quaeest
1007 3395 1031 3441 in
1050 3393 1223 3454 subsequentis
1248 3406 1336 3440 versus

129 3479 217 3526 initio:
239 3485 262 3538 1,
276 3483 286 3526 1
309 3474 470 3548 ἐλαφηβόλεΙ
483 3475 581 3544 ξανθῆς
599 3481 628 3528 ct.
642 3484 656 3529 d
670 3477 835 3549 κεκορνμίνεΙ
847 3477 981 3545 Eporediae
999 3484 1023 3539 ν,
1039 3482 1053 3527 2
1067 3474 1218 3546 κοῖλιύτεραί
1228 3471 1335 3540 στήθεα.

130 3566 180 3612 βαι
192 3564 279 3612 eadem
291 3569 329 3613 est
339 3566 366 3612 in
378 3567 459 3614 ionico
471 3580 569 3628 qnoque
584 3573 674 3615 metrae
692 3571 724 3617 41
740 3563 836 3634 tustra!
846 3565 1024 3631 arcontocoru,
1042 3569 1073 3616 dd
1086 3560 1191 3628 πρότεινε
1200 3560 1204 3631 ί
1213 3559 1336 3628 ῥαδινούς.

129 3652 194 3699 laam
212 3649 297 3700 brevis
314 3650 414 3711 syllaba
436 3651 462 3698 in
488 3657 663 3700 consonantem
690 3652 773 3716 utens
800 3653 876 3712 longa
897 3652 925 3699 fit
949 3655 1100 3700 consonante
1126 3649 1231 3711 proximi
1248 3661 1336 3696 verens

129 3737 235 3792 initiali:
263 3740 286 3798 1,
305 3740 320 3785 a
339 3730 561 3806 αύλινίχαίρουο’;
581 3742 632 3798 ²22
651 3733 962 3805 κνανύπιδεςίπορφυρῆς
980 3741 1004 3802 d,
1024 3742 1039 3786 3
1057 3730 1337 3800 ἒνατύνίΤαρτηοσοῦ.

132 3826 161 3872 11
190 3817 322 3891 ἐρίβρομον
337 3819 342 3890 Ι
357 3820 485 3876 Δεύννσον.
522 3825 619 3872 Deinde
645 3826 671 3872 in
696 3825 744 3872 dns
769 3839 857 3874 verens
882 3839 1068 3886 nonnumquam
1091 3822 1161 3872 elisio
1193 3822 1236 3885 fit,
1262 3834 1337 3882 quam

130 3903 316 3973 ίαιονναλοιφή
333 3923 348 3956 a
365 3909 531 3970 grammaticis
549 3909 671 3958 nominari
684 3909 872 3958 choeroboecua
889 3910 959 3958 testis
976 3916 1014 3958 cst
1030 3909 1135 3973 (Δαναοί.
1148 3908 1219 3955 varia
1230 3920 1266 3968 gr.
1278 3906 1291 3952 1
1304 3907 1336 3956 dd

130 3989 260 4060 stadem).
279 3993 349 4042 Haec
365 3998 448 4042 autem
464 4001 563 4043 exstant
575 3997 702 4056 exempla:
722 3999 774 4056 aa
792 3991 957 4061 ἐπιστρέφεαι
973 3989 996 4048 δ’
1007 3990 1135 4064 Ιύψηλάςῑ
1155 3996 1178 4054 2,
1192 3995 1205 4040 'l
1218 4007 1336 4060 κεχαρισ-

131 4076 211 4144 μένης
228 4069 409 4146 discipulatu
427 4083 452 4142 1,
465 4081 496 4129 10
514 4075 557 4132 τὸν
576 4076 637 4145 epto
654 4074 678 4134 δ)
692 4075 777 4149 ἔρωτἸ
788 4066 810 4133 νύ
823 4073 947 4142 Δεόννσεῑ
968 4085 982 4130 i
1002 4073 1257 4148 ίμαιγἸύοτεμφηςς
1275 4078 1337 4127 etin

131 4179 207 4215 verau
224 4164 306 4215 ionico
326 4167 369 4229 61,
390 4169 421 4216 10
438 4159 536 4218 καλοῖσ’
548 4163 552 4234 ί
564 4161 731 4226 ύντοτίνοντες.
767 4168 850 4216 Primo
868 4167 895 4216 tn
913 4167 976 4228 pede
993 4167 1108 4229 glyconei
1125 4168 1166 4216 vet
1183 4165 1337 4226 pherecratei

129 4265 230 4314 semper
247 4250 298 4300 iera
310 4251 435 4312 spondeus
446 4253 562 4314 punitura
578 4253 658 4302 tribus
670 4258 766 4302 tantum
785 4255 846 4302 locis
859 4253 990 4302 trochaeus
1005 4251 1041 4319 (a,
1059 4257 1091 4313 33
1110 4255 1134 4304 d.
1149 4252 1220 4314 lta),
1239 4251 1336 4300 duobus

130 4337 228 4388 iambus
247 4337 283 4402 (Β,
303 4340 324 4384 1.
351 4337 395 4396 10)
421 4336 554 4386 invenitur.
592 4340 692 4402 Dactyli
716 4339 885 4388 translationis
909 4339 1105 4388 vetustissimum
1131 4338 1270 4399 exemplum
1294 4333 1336 4403 (oi,

129 4424 228 4472 Wilam.
247 4423 316 4485 Isyll.
336 4437 360 4485 p.
381 4425 428 4471 lau
448 4423 505 4476 adn.
524 4423 550 4485 d)
568 4424 687 4474 habemus
704 4426 730 4473 in
749 4427 774 4489 2,
793 4427 807 4472 5
827 4418 930 4489 ύψηλύις
950 4416 1029 4489 α’ρέων
1048 4420 1169 4489 κορυφαῖς.
