3078 5108
776 371 988 436 ...22-

280 573 438 634 Homerum
462 570 508 652 (ei.
531 571 648 649 Kritger
668 571 689 632 l.
711 589 735 632 e.
757 573 822 634 edu.
846 570 887 650 8).
931 569 1113 652 Omninoque
1136 572 1247 632 oomtot
1277 570 1353 632 hene
1382 569 1483 634 leonti·

280 700 366 744 onem
389 683 524 744 ootidioni
547 684 690 744 sermonis
711 683 860 761 proprium
874 681 974 756 tuisse,
995 700 1091 761 neque
1106 683 1297 748 Anacreontis
1311 683 1401 747 verbe
1416 682 1483 752 inuio

280 796 441 862 sententiae
464 795 586 857 obstent
630 792 707 856 Aiiie
741 795 819 856 enim
851 793 932 866 lonis,
963 793 1044 856 velut
1065 793 1098 855 tr.
1123 794 1152 868 2,
1176 793 1215 857 10
1244 795 1276 856 iu
1310 793 1420 873 hymno
1452 796 1483 858 in

280 905 431 968 Beoehum
452 905 536 978 moto,
558 906 609 968 ubi
623 904 809 968 sollemniore
832 906 955 970 dictione
977 906 1077 978 utitur,
1099 909 1183 984 poeto
1196 922 1355 986 pronomen
1369 924 1484 985 poeseo-

281 1018 377 1078 oivum
400 1007 480 1097 ἒμός
505 1017 638 1096 praefert

369 1127 433 1194 Uuo
456 1146 524 1190 oum
545 1129 726 1202 substantivo
750 1129 922 1191 eoninuotne
942 1128 1083 1192 ortioulus
1104 1129 1214 1210 legitur
1236 1130 1285 1203 24,
1309 1131 1328 1192 2
1351 1125 1406 1193 διὰ
1429 1126 1486 1193 τὸν

282 1228 391 1323 Ἔρωτ’
405 1235 434 1318 1)
458 1238 542 1314 75,3
564 1233 622 1302 τὸν
641 1231 774 1317 χαλινόν
798 1239 857 1303 136
880 1229 1052 1324 τῶκιναίκη.

303 1403 305 1410 ,
366 1352 393 1413 b.
416 1349 531 1430 Duplex
553 1350 696 1413 ertiomue
711 1351 825 1414 duobus
848 1352 895 1415 hie
916 1351 989 1415 loeis
1010 1355 1172 1416 invenitur:
1197 1351 1237 1417 41
1254 1345 1299 1435 (ὁ)
1317 1345 1487 1437 Μεγίστης

282 1454 300 1524 ὃ
321 1453 493 1544 φιλόφρων
515 1462 565 1535 21,
588 1461 606 1522 5
630 1453 648 1524 ὁ
670 1456 812 1544 πονηρὸς
834 1453 852 1524 ὃ
875 1461 931 1544 (sie
953 1462 993 1544 A)
1012 1452 1191 1545 Ἀρτέμων.
1222 1464 1319 1544 Atque
1341 1467 1373 1528 iu
1394 1465 1430 1529 fr.
1447 1464 1486 1527 41

283 1575 409 1638 metrum
437 1573 556 1654 quidem
586 1572 742 1640 ertionlum
773 1574 928 1646 derideret,
961 1576 1013 1636 sed
1034 1575 1066 1636 in
1090 1575 1181 1647 21,5
1213 1593 1280 1638 eum
1310 1576 1370 1654 legi
1401 1594 1488 1654 poeee

281 1685 436 1750 Mororum
458 1685 551 1748 seouti
573 1701 674 1746 omnes
696 1686 820 1749 editores
842 1687 957 1764 negent,
979 1687 1033 1748 sed
1055 1687 1103 1752 vix
1124 1688 1210 1752 reete.
1253 1685 1357 1767 Neque
1379 1687 1489 1750 retollit

282 1795 359 1857 hene
380 1795 542 1869 leotionem,
573 1797 649 1874 quod
671 1796 884 1858 Aueoreontem
912 1797 1044 1860 imitatus
1066 1797 1276 1878 Aristophanes
1306 1799 1377 1860 dieit
1399 1798 1488 1879 (Aotu

283 1907 360 1985 850)
384 1899 402 1971 ὃ
424 1901 648 1992 περιπονηρός
665 1895 845 1992 Ἀρτέμων,
868 1925 937 1970 uem
958 1910 1036 1972 oerto
1051 1908 1172 1971 oonsilio
1188 1912 1273 1988 poete
1293 1912 1489 1983 nomenoius,

283 2037 371 2099 quem
392 2019 520 2082 ludibrio
542 2021 633 2093 vexat,
656 2020 700 2080 eie
721 2018 836 2098 proteri.
866 2019 962 2099 Atque
983 2021 1016 2080 ut
1038 2021 1073 2082 fr.
1098 2019 1138 2081 41
1160 2023 1246 2100 poete
1268 2022 1305 2083 de
1326 2020 1491 2100 Polycratis

285 2149 375 2210 puero
406 2133 477 2194 dieit
501 2123 567 2195 ‘ille
596 2133 681 2198 notus
711 2129 860 2209 Megisten,
889 2132 940 2210 qui
968 2134 1029 2192 tom
1058 2129 1164 2196 hilerie
1192 2134 1244 2205 est,
1266 2133 1285 2194 i.
1307 2151 1331 2196 e.
1353 2151 1409 2211 pro
1438 2151 1491 2198 ene

283 2241 431 2304 hileritote
461 2243 521 2303 iem
549 2258 601 2320 per
631 2243 731 2304 deoem
763 2260 879 2304 menses
912 2246 1064 2305 eoronotue
1100 2244 1167 2305 vino
1197 2245 1314 2307 deditus
1347 2235 1416 2319 ost’‚
1448 2247 1492 2308 oio

283 2357 470 2418 Artemonem
501 2353 587 2416 illum
616 2353 764 2430 hominem
796 2358 856 2416 tom
890 2356 1071 2434 improbum,
1111 2357 1160 2434 qui
1201 2373 1253 2434 pro
1286 2373 1341 2418 suo
1374 2375 1489 2420 morum

282 2466 426 2544 pronitate
451 2465 630 2529 abieotornm
645 2463 798 2530 hominum
814 2467 1024 2538 eonsuetudine
1046 2469 1151 2541 utetur,
1173 2468 1244 2531 item
1258 2469 1388 2547 graviter
1408 2487 1493 2548 pree

284 2579 369 2640 diuet

285 2691 314 2754 2.
336 2689 524 2752 Plurelie
546 2705 750 2768 prompereon.
776 2690 803 2752 1.
818 2706 893 2767 pero
910 2707 991 2750 eum
1012 2689 1214 2768 singulari
1237 2695 1495 2754 eommutntur

285 2802 350 2883 (red
380 2820 437 2864 non
468 2802 499 2863 in
524 2802 621 2875 verbo,
654 2802 878 2880 uniusquidem
905 2803 1139 2872 eommutntiouis
1161 2801 1294 2881 exemplo
1326 2803 1357 2864 in
1382 2805 1494 2883 tmgioo

286 2932 419 2981 sermone
441 2914 566 2992 exstent)
589 2913 636 2974 his
658 2911 746 2974 loeis:
769 2913 798 2986 2,
822 2913 840 2974 6
862 2904 1037 2994 γουνοῦμαί
1059 2929 1111 2976 σε·
1141 2907 1180 2976 τι)
1202 2902 1236 2974 δ’
1258 2903 1391 2997 εὐμενὴς
1412 2904 1492 2978 tie'

284 3019 359 3108 ἡμίν
372 3023 428 3106 (sio
442 3025 539 3100 URV:
555 3016 671 3098 ἔλθοις
685 3043 742 3104 μοι
757 3020 845 3104 reli),
862 3017 1090 3109 κεχαρισμένης
1105 3012 1139 3086 o'
1154 3015 1293 3109 εὐχωλῆς
1307 3016 1494 3089 ἐπακούων.

284 3126 364 3200 ἔλθ’
387 3129 464 3221 ἡμίν
485 3137 557 3216 quin
579 3135 738 3215 legendum
761 3136 800 3197 eit
821 3134 894 3196 mihi
918 3153 976 3197 non
998 3136 1137 3201 dubium:
1168 3137 1340 3216 imperativo
1363 3139 1495 3201 enimet

285 3249 429 3310 infinitivo
460 3239 635 3310 ἐπακούειν
665 3239 852 3328 (ἐπακούων
884 3247 961 3326 quod
982 3246 1045 3310 Pw
1073 3247 1170 3320 hebet,
1200 3247 1269 3309 ferri
1300 3265 1358 3309 non
1389 3251 1495 3327 potest,

286 3361 356 3440 quie
387 3360 525 3421 oretienie
555 3359 779 3434 eonoinnitetem
809 3355 897 3437 delet)
921 3359 1096 3438 respondent¹
1118 3376 1160 3433 ee,
1191 3376 1265 3437 queo
1294 3359 1427 3437 proximo
1452 3379 1494 3422 ne

286 3473 423 3550 quonian,
444 3463 533 3550 γένεο
549 3472 578 3532 et
592 3463 758 3548 δέχεσθαι.
775 3502 814 3512 -
832 3468 881 3542 43,
899 3469 916 3532 1
939 3463 1055 3535 πολιοὶ
1074 3465 1135 3551 μὲν
1157 3461 1234 3555 ἡμίν
1256 3462 1315 3554 ἤδη
1329 3464 1496 3556 κρόταφσι

285 3574 367 3665 κάρη
389 3600 423 3642 τε
446 3571 606 3644 λευκόν..
624 3625 631 3641 .
649 3575 706 3642 διὰ
727 3569 813 3642 ταῦτ’
838 3569 1052 3658 ἆνασταλιίζω
1075 3575 1172 3662 θαμὰ
1198 3573 1368 3665 Τάρταρον
1390 3579 1495 3648 ‹indoe-

286 3686 361 3768 κιίς.
384 3726 427 3737 -
460 3693 509 3766 62,
532 3693 550 3753 2
574 3685 652 3776 φέρε
676 3682 709 3756 δ’
733 3681 957 3773 ἀνθεμόεντας
979 3683 1055 3776 ἡμίν
1078 3684 1268 3776 στεφάνους,
1292 3739 1300 3753 .
1325 3740 1333 3754 .
1355 3739 1363 3755 .
1387 3685 1434 3768 ὡς
1458 3690 1494 3758 dr*

287 3803 344 3885 (eie
366 3805 568 3867 seribendum:
591 3823 617 3866 v.
633 3801 726 3885 inire).
746 3798 831 3887 πρὸς
842 3794 967 3887 Ἔρωτα
990 3797 1313 3882 πυκταλίζω-63,
1332 3804 1349 3866 1
1371 3794 1431 3886 ὄίγε
1458 3801 1495 3867 ὀί

287 3905 356 3999 φέρ’
382 3907 467 3999 ἡμίν,
490 3902 516 3978 ὦ
541 3914 614 3992 παῖ,
636 3909 780 3999 κελέβην,
803 3906 889 3989 ὅκως
911 3905 1051 3996 ίίμωστιν
1073 3907 1209 3998 προπίω
1234 3961 1367 3977 .....

371 4025 473 4088 Duel
484 4044 499 4088 e
511 4045 540 4088 m
563 4028 715 4090 recentiori
731 4027 844 4089 ionieee
859 4025 981 4088 dieleoto
997 4028 1113 4093 omnino
1129 4045 1193 4088 esse
1207 4029 1338 4107 ignotum
1353 4045 1499 4108 epperere

357 4304 383 4361 1)
401 4302 441 4350 Sic
469 4301 551 4361 Bergk
579 4306 646 4350 reete
671 4301 778 4361 scripsit.
816 4302 894 4348 Poeta
919 4299 985 4348 enim
1009 4299 1072 4348 huno
1098 4299 1160 4348 dioit
1183 4301 1215 4348 od
1233 4298 1369 4364 Olympum
1395 4315 1498 4350 nuruum

288 4390 419 4437 vol-torus
437 4393 462 4436 et
480 4400 535 4435 curn
553 4387 645 4436 Amore
664 4387 693 4434 de
711 4386 764 4436 etur
781 4386 873 4434 iniurin
889 4387 1098 4447 expostuletur-ne,
1116 4387 1183 4448 quod
1194 4399 1297 4447 puerum
1314 4389 1435 4448 omnium,
1455 4388 1499 4448 qui

288 4473 462 4536 enumerarit,
480 4471 528 4520 sibi
547 4471 680 4533 propitium
700 4487 750 4522 uon
768 4472 861 4518 iecerit.
879 4468 917 4518 Gi.
936 4471 1028 4520 Himer.
1049 4486 1085 4520 or.
1104 4471 1164 4520 XIV
1182 4473 1206 4520 4.
