3078 5108
615 313 829 380 ,χρ-

114 510 173 572 duc
205 511 336 574 membra
359 529 426 573 cnm
446 511 522 573 inter
543 530 575 574 ee
596 516 797 592 respondeant,
819 517 884 594 poet
905 533 933 577 v.
953 513 970 576 6
993 491 1130 577 lacunam
1152 515 1252 595 Bergk
1274 517 1323 578 vix

114 624 197 683 recte
220 623 329 685 statuit.
373 621 419 684 De
440 625 533 684 metro
554 641 582 686 v.
604 624 681 686 infra
702 627 739 687 ad
761 626 796 688 lr.
818 624 869 688 43.

202 733 237 797 fr.
260 733 310 797 21.

118 837 208 928 Πρὶν
230 839 291 926 μέν
312 835 394 922 έχων
415 839 592 929 βερβέριον,
615 836 803 929 καλύμματ’
828 841 1051 932 ἐσφηκωμένα,

204 951 262 1018 καὶ
284 948 432 1033 ξυλίνους
454 946 678 1041 ἀστραγάλους
700 951 734 1020 έν
756 949 827 1036 ῶσί,

201 1060 259 1129 καὶ
289 1063 391 1149 ψιλὸν
421 1063 499 1149 περὶ
530 1065 688 1155 πλευρῇσι
721 1064 863 1153 (δέρριον
885 1069 996 1151 Bergk)
1024 1063 1111 1151 βοός,
1147 1064 1323 1136 νεόπλυτον

909 1173 1026 1264 εἴλυμα
1049 1184 1150 1268 κακῆς
1169 1177 1320 1261 ἀσπίδος,

158 1277 384 1366 ἀρτοπώλισιν
395 1283 456 1351 καί
471 1283 743 1372 έβελοπόρνοισιν
757 1283 899 1372 ὁμιλέων
913 1285 931 1356 ὃ
946 1290 1090 1378 πονηρός
1112 1287 1130 1356 ὁ
1143 1285 1321 1376 Ἀρτέμων,

162 1393 318 1483 κίβδηλον
339 1393 496 1485 εὑρίσκων
517 1395 600 1484 βίον,
1467 1389 1485 1493 ί

160 1507 273 1574 πολλὰ
293 1508 354 1594 μέν
377 1507 411 1574 έν
433 1508 525 1594 δουρὶ
547 1488 652 1628 δεγίεὶς
674 1503 797 1591 αὐχένα,
830 1509 939 1579 πολλοὶ
962 1505 997 1584 δ’Ι
1018 1509 1052 1577 έν
1074 1516 1188 1600 τροχῷ,
1212 1513 1320 1579 πολλοὶ
1397 1458 1424 1588 ό
1458 1498 1467 1588 {⁵

631 1620 668 1687 δέ
689 1626 793 1687 νῶτον
816 1619 947 1712 σκυτίνῃ
967 1619 1100 1709 μάστιγι
1124 1622 1321 1709 θωμιχθείς,

160 1728 264 1818 κόμην
285 1727 428 1817 πιόγωνοί
451 1725 482 1798 τ’
507 1730 740 1817 ἐκτετιλμένος.

118 1847 188 1909 Νῦν
211 1837 242 1908 δ’
260 1839 423 1928 ἐπιβαίνει
447 1841 613 1926 σατινέων,

202 1951 322 2040 χρόσεα
344 1952 471 2043 φορέων
488 1953 685 2041 καθέρματα
706 1951 788 2034 ποίις
810 1953 928 2044 Κύκης,
970 1975 972 1984 ’
1014 1989 1017 1998 ·

161 2065 218 2132 καὶ
241 2062 432 2152 σκιαδίσκην
454 2063 663 2154 ἐλεφαντίνην
686 2071 783 2154 φορεῖ
803 2065 949 2153 γυναιξίν
971 2061 1076 2146 αὕτως
1099 2119 1233 2136 .....

119 2182 248 2246 Schema
280 2184 447 2263 igiturest
479 2183 548 2244 hcc:
587 2180 856 2264 (A:)aba‹le
888 2181 1202 2264 (B:)uab....
1240 2202 1322 2246 aex

117 2296 213 2356 tribua
237 2293 308 2358 aclis
322 2312 375 2374 per
391 2287 447 2356 καί
462 2296 537 2356 inter
553 2312 584 2356 εε
600 2295 759 2356 coniunctis
782 2297 972 2373 compositum
987 2298 1038 2370 eet,
1054 2313 1177 2376 quornm
1192 2298 1321 2375 primum

123 2410 152 2468 et
172 2408 291 2468 tertium
314 2406 494 2485 appositione
515 2405 692 2485 amplificata
714 2401 797 2478 sunt;
826 2408 858 2466 in
887 2407 998 2468 ditem
1019 2408 1076 2468 tria
1097 2408 1165 2468 eunt
1187 2406 1249 2468 cela
1270 2425 1323 2487 per

119 2513 190 2598 μέν,
223 2511 268 2595 δέ,
302 2511 342 2578 δέ
370 2517 561 2580 cohaerentia.
582 2596 584 2599 v
603 2516 661 2578 Per
693 2520 784 2578 tetum
817 2517 945 2595 primum
975 2519 1139 2580 membrum
1171 2519 1323 2598 participia

123 2632 238 2691 tantum
270 2629 466 2691 inveniuntur.
509 2629 645 2689 Hominis
676 2645 782 2690 nomen
811 2646 838 2690 v.
867 2628 885 2689 5
913 2628 1058 2707 prelatum
1087 2620 1119 2710 (ὁ
1142 2621 1322 2712 πονηρδςὸ

116 2730 300 2825 >Αρτέμων)
316 2759 343 2804 v.
360 2739 398 2801 11
422 2741 465 2801 eia
489 2741 630 2802 variatur:
652 2732 735 2814 πάις
750 2731 869 2822 Κύκης.
911 2740 990 2801 Haec
1011 2741 1137 2801 neminie
1159 2743 1321 2802 immutatio

120 2856 239 2932 propter
261 2851 420 2915 cavillandi
442 2853 591 2926 rationem,
622 2869 710 2930 qnam
731 2853 864 2930 seqnitur
892 2853 985 2930 poeta,
1018 2851 1155 2912 notabilia
1178 2854 1231 2924 eet,
1254 2870 1321 2913 nam

120 2949 213 3047 Κόκη
233 2962 310 3025 nihil
341 2963 424 3026 aliud
453 2967 497 3025 eet
517 2963 575 3024 nisi
606 2951 861 3045 φαρμακεότρια.
908 2961 952 3026 cf.
973 2963 1043 3024 Hee.
1064 2960 1195 3022 κυκειῶ·
1228 2957 1323 3042 πόμα

119 3069 157 3137 ἐκ
186 3070 320 3138 πολλῶν
353 3069 497 3151 βοτανῶν
529 3066 735 3155 συγκείμενον
757 3065 955 3156 φαρμακίας,
989 3068 1093 3135 ποτόν
1124 3066 1322 3157 δηλητήριον.
1427 3055 1430 3058 ’

207 3159 241 3248 in.
258 3186 308 3250 43.
329 3186 420 3249 Poeta
441 3188 589 3248 senectute
610 3203 674 3247 εεεε
694 3203 758 3247 esee
779 3185 938 3246 coniectum
959 3202 1053 3264 neque
1076 3185 1173 3246 adhuc
1188 3187 1323 3248 iuvenem

119 3317 188 3361 cum
212 3299 343 3360 dicturae
366 3299 417 3371 est,
440 3297 495 3359 hcc
516 3299 558 3358 ita
578 3299 721 3386 variatam
744 3297 848 3370 reddit
870 3301 902 3359 ut
923 3301 1045 3376 utraque
1066 3314 1120 3369 res,
1143 3315 1218 3376 qnae
1240 3298 1322 3359 alteri

119 3411 253 3490 opposita
267 3411 307 3470 eit
317 3407 361 3487 (h.
373 3426 397 3472 e.
408 3411 542 3471 eenectne
557 3412 586 3470 et
600 3405 747 3488 iuvencus)
764 3411 941 3488 exprimatur
957 3410 1032 3470 binis
1046 3410 1186 3470 membris
1198 3411 1323 3471 eundem

117 3539 242 3584 sensum
263 3521 470 3592 indicantibus,
493 3537 567 3598 qnae
589 3537 647 3581 nen
667 3521 748 3581 iuxta
770 3526 923 3598 ponuntur,
945 3521 997 3581 sed
1019 3520 1129 3582 alterne
1151 3521 1265 3581 ordine:

251 3626 365 3695 πολιοί
387 3626 447 3711 μέν
468 3621 545 3716 ἡμὶν
566 3620 625 3714 ἤδη
646 3623 806 3714 κρόταφον
829 3623 911 3714 κόρη
932 3649 967 3693 τε
990 3623 1111 3708 λευκόν,

248 3735 407 3827 χαρίεσσα
429 3731 464 3803 δ’
486 3731 601 3805 οὐκέθ’
625 3732 685 3826 ἥβη
708 3734 809 3824 πάρα,

250 3849 399 3938 γηραλέοι
423 3843 456 3915 δ’
481 3842 622 3930 ὀδόντες,

249 3962 404 4050 γλυκεροῦ
427 3954 460 4027 δ’
485 3954 591 4028 οόκέτι
615 3959 740 4039 πολλὸς
759 3956 872 4046 βιότου
892 3958 1008 4049 χρόνος
1029 3959 1207 4028 λέλειπται.

120 4081 249 4144 Schema
278 4080 370 4158 igitur
402 4094 460 4139 nan
486 4082 530 4139 eat
550 4094 569 4138 a
591 4094 610 4138 a
630 4078 650 4138 b
672 4079 700 4151 b,
722 4078 774 4139 aad
796 4077 865 4139 hcc:
890 4078 1043 4189 Q),
1072 4077 1107 4157 ai}
1128 4095 1162 4139 ea
1184 4079 1322 4152 membra,

121 4218 198 4282 quae
228 4200 264 4260 ad
295 4199 374 4260 idem
404 4198 558 4276 pertinent,
591 4197 697 4258 iisdem
730 4197 837 4259 litteris
866 4199 1065 4278 designamus.
1110 4197 1190 4273 Quod
1212 4201 1270 4260 tcto
1293 4199 1323 4258 in

122 4311 272 4374 enuntiate
294 4309 405 4372 factam
427 4327 491 4372 aeae
512 4310 655 4384 videmus,
677 4311 823 4388 inprime
847 4311 910 4372 eine
924 4311 1054 4371 membro
1076 4311 1224 4388 repetitur.
1246 4307 1323 4370 Nam

62 4446 69 4461 ·
122 4427 215 4504 pecta,
243 4423 294 4501 qni
325 4437 429 4484 mnam
460 4439 523 4483 esee
546 4422 632 4499 caput
666 4422 761 4484 dicere
795 4420 865 4500 vult,
899 4439 965 4483 cnm
997 4422 1099 4483 scribit
1129 4414 1242 4482 πολιοὶ
1263 4414 1323 4500 μὲν
