3036 5104
595 353 807 418 ...99-

183 533 380 628 φιλόφρων.]
403 543 489 622 Apud
512 543 672 606 Homerum
695 536 917 627 φιλοφροσύνη
938 545 1050 604 tautum
1070 544 1104 604 in
1124 560 1181 604 usu
1203 546 1247 605 ost
1268 544 1304 604 de

96 629 240 693 comitate.
264 621 438 712 φιλόφρων
460 629 569 708 legitur
590 631 694 690 Anacr.
709 629 744 690 fr.
761 629 800 690 41
821 621 866 709 (ὁ)
891 621 1058 711 Μεγίστης
1081 621 1098 690 ὃ
1121 621 1303 711 φιλόφρων,

97 713 183 777 Pind.
214 714 246 776 P.
278 714 357 818 19}
380 734 415 798 φ.
444 703 562 797 άρετά,
595 715 670 776 vm
702 715 777 816 lq.
805 706 955 791 <Ασαχίἀ.
998 715 1112 776 Aesclr.v
1132 714 1211 776 Pers.
1243 715 1302 775 109

101 792 280 906 φιλόφρων,
308 819 370 884 γαρ
398 795 659 904 Ιτταρασηιόνσησα
694 821 733 904 τη
770 800 904 903 ηερῶτον
931 793 1072 902 ηταρόγει
1105 794 1224 881 βροτόν
1256 793 1304 900 εἰς

96 889 476 1045 tllttnttteltlt
498 883 1304 1056 ἕλίρὲἰῖξνάῖῗίἰόῖόέίνφλλῗξῖἔῖαιιλλλῖἷξ

96 1052 192 1139 γένος
214 1055 423 1139 (feminarum),
447 1049 562 1134 σώζειν
584 1077 620 1118 τε
641 1052 734 1120 κοινά
757 1048 927 1138 πράγματ’
954 1053 1212 1141 ἀσφαλέσταται,
1234 1057 1264 1121 h.
1280 1075 1304 1118 e.

97 1146 199 1205 mutuo
222 1144 328 1204 auxilio
350 1147 427 1206 inter
448 1163 481 1205 se
502 1145 681 1206 adiurantes.
724 1144 910 1217 Plutarchus,
932 1146 988 1222 qui
1006 1161 1076 1205 mor.
1100 1143 1185 1206 rolf
1204 1146 1304 1221 poetae

96 1231 249 1290 cuiusdam
264 1230 341 1292 huno
356 1247 473 1292 vorsum
487 1231 597 1292 reddit:
619 1219 707 1313 ἀμφὶ
722 1224 761 1292 δέ
774 1221 806 1291 αὶ
830 1222 986 1293 δολόεντα
1009 1221 1195 1313 φιλόφρονα
1215 1229 1304 1307 χεῦεν

97 1307 214 1398 όνειρα,
239 1315 358 1377 fallacia
379 1317 498 1377 somnia.

2 1471 3 1476 ,
96 1505 159 1564 tadi
182 1411 343 1518 φροντίς]
373 1414 546 1564 suffigat
569 1410 727 1566 φηηντηόα
744 1413 794 1565 φὴ
805 1413 976 1566 Ιηατέχηιθνἰ
994 1419 1022 1480 h.
1045 1437 1069 1522 e.
1092 1435 1186 1492 curae,
1209 1435 1305 1564 σηρο-

97 1521 404 1672 ἇμόόσεῗοφρόῗτές,
417 1521 597 1666 ‘etlsalenpius
619 1521 1064 1667 spndestssessgiccffierodotffgf
1093 1523 1134 1584 με
1166 1524 1228 1585 me
1251 1523 1304 1610 m

2 1675 4 1730 l
125 1689 128 1696 ’
180 1686 368 1776 χαριτόεις]
406 1693 469 1752 Hac
491 1693 628 1754 adiectivi
650 1692 742 1753 forma
764 1693 974 1754 Anacreontem
995 1693 1109 1754 tantum
1131 1708 1218 1752 usum
1240 1708 1304 1793 esse

96 1779 246 1840 veteribus
278 1779 477 1858 grammaticis
508 1781 608 1840 notum
640 1779 717 1858 erat:
752 1778 787 1838 cl.
826 1778 981 1839 Herodian.
1014 1772 1093 1858 περὶ
1127 1797 1200 1857 χιον.
1237 1772 1294 1853 λεξ

2 1901 4 1944 χ
97 1861 142 1943 (ΙΙ
166 1865 237 1937 257,
260 1864 299 1925 20
316 1863 374 1940 L.).
412 1862 477 1924 Non
500 1861 596 1924 solum
617 1861 796 1938 formatione,
820 1866 873 1926 sed
896 1866 983 1925 etiam
1005 1865 1121 1926 notione
1141 1854 1305 1943 χαριτόεις

99 1948 197 2010 differt
227 1967 245 2009 a
272 1943 405 2033 χαρίεις.
451 1952 547 2028 Atque
579 1948 635 2009 hoc
667 1950 788 2029 quidem
824 1951 940 2012 omuino
974 1967 1009 2010 ea
1042 1949 1196 2027 significat,
1229 1965 1303 2027 quae

96 2035 226 2097 iucunda
247 2035 295 2096 vel
317 2039 400 2113 grata
421 2038 496 2108 sunt,
518 2033 600 2096 velut
613 2037 765 2096 Anacreon
787 2037 966 2097 iuventutem
989 2033 1037 2117 (fr.
1061 2034 1116 2112 43)
1137 2039 1188 2096 aut
1202 2034 1304 2094 hirun-

2 2119 3 2124 ’
98 2122 197 2181 dinem
221 2122 297 2182 veris
319 2120 499 2184 advenientis
521 2121 652 2182 nuntiam
669 2118 716 2198 (fr.
734 2119 787 2201 67)
804 2122 847 2182 εἰσ
861 2123 1006 2194 nominat;
1027 2113 1190 2202 χαριτόεις
1206 2122 1303 2180 autem

100 2207 208 2267 dieitur
230 2207 266 2268 de
288 2225 328 2280 eo,
356 2208 388 2267 in
410 2223 467 2286 quo
497 2205 657 2284 singularis
689 2208 825 2268 venustas
857 2210 885 2269 ot
907 2208 1036 2268 suavitas
1058 2207 1165 2267 insunt.
1208 2207 1304 2284 Atque

96 2294 250 2353 Anacreon
265 2309 388 2370 puerum
404 2293 557 2370 quendam,
578 2293 611 2352 ut
635 2293 755 2366 ridetur,
778 2310 865 2373 quem
880 2309 986 2371 magno
998 2310 1096 2354 amore
1111 2291 1304 2370 amplectitur,

2 2387 3 2434 t
97 2379 141 2438 sio
173 2377 330 2457 alloquitur
356 2375 405 2455 (ir.
428 2374 499 2456 44):
528 2368 646 2460 ἔραμαι
677 2371 716 2439 όέ
744 2397 794 2441 τοι
826 2378 975 2462 σονηβᾶν,
1000 2371 1151 2462 χαριτόεν
1182 2369 1304 2461 (χαρίεν

2 2495 3 2536 η
98 2463 183 2524 libri:
205 2477 260 2524 em.
282 2461 395 2543 Bergk)
417 2455 501 2540 ἔχεις
521 2461 582 2544 γάρ
604 2450 697 2548 troc.

2 2631 3 2644 η
184 2557 306 2642 χάσκω,
330 2567 405 2645 quod
428 2568 507 2644 apud
528 2567 700 2627 Homerum·
719 2567 835 2629 omnino
865 2584 922 2628 non
944 2565 1099 2638 invonitur,
1131 2565 1182 2644 qui
1202 2556 1303 2642 χαίνω

2 2647 3 2678 ³
98 2668 215 2729 semper
237 2653 314 2725 dicit,
336 2653 495 2731 genuinam
516 2653 577 2712 vim
599 2649 688 2713 habet
709 2651 854 2714 inhiandi.
889 2650 983 2716 Solon.
1009 2650 1057 2724 13,
1080 2650 1120 2712 36
1143 2652 1194 2712 ubi
1209 2653 1303 2712 trans-

97 2736 157 2798 late
172 2737 298 2815 positum
316 2741 374 2799 est:
396 2727 471 2820 άχρι
493 2731 530 2798 δὲ
545 2729 660 2798 τούτου
679 2728 856 2814 χάσκοντες
877 2726 1021 2822 κοόφησ’
1046 2728 1160 2798 έλττίσι
1182 2729 1302 2817 τερττό-

2 2855 3 2860 1
96 2823 198 2903 μεθα,
221 2839 270 2883 sos
292 2821 444 2902 intellegit,
467 2825 517 2902 qui
539 2839 630 2884 rause
652 2824 716 2901 spei
739 2823 827 2885 dediti
848 2841 896 2884 res
920 2825 1058 2884 advorsae
1084 2823 1142 2884 sibi
1163 2823 1304 2884 instantes

2 2949 3 2960 ι
99 2926 156 2969 nou
178 2909 364 2987 providentes
386 2909 443 2970 sibi
465 2909 538 2988 ipsis
561 2909 710 2971 consulere
733 2911 876 2970 omittunt.
920 2911 1072 2970 Anacreon
1095 2910 1131 2970 de
1152 2907 1250 2986 puella
1272 2925 1304 2970 se

96 2996 130 3055 nt
152 3010 253 3055 senem
276 2997 424 3072 spernenti
447 2995 519 3056 dicit
541 2993 587 3074 (ir.
606 2994 652 3068 14,
669 2992 701 3073 8)
725 2989 811 3075 πρὸς
833 2983 866 3055 δ’
892 2983 991 3076 άλλην
1014 2993 1067 3070 (sc.
1089 2985 1206 3074 κόμην)
1230 2988 1303 3055 τινὰ

2 3141 3 3150 ,
96 3071 221 3156 χάσκει,
255 3097 328 3159 quae
361 3081 398 3140 ad
430 3079 519 3141 aliam
552 3077 694 3162 (iuvenis)
727 3098 839 3140 comam
853 3081 855 3086 '
871 3082 1016 3158 respectat
1045 3080 1187 3141 desiderio
1211 3082 1304 3158 capta.

98 3168 147 3226 Ar.
170 3183 248 3244 vesp.
273 3165 349 3227 695:
377 3159 416 3227 σὺ
447 3160 484 3227 δὲ
503 3157 679 3243 χασκάζεις
709 3160 766 3229 τόν
786 3160 999 3249 κωλακρέτην,
1028 3159 1065 3226 τό
1096 3159 1134 3228 δὲ
1155 3157 1303 3248 ταραττό-

2 3251 3 3322 ,
98 3243 195 3330 μενόν
217 3267 253 3312 σε
276 3245 422 3332 λέληθεν.
450 3251 541 3315 schol.
563 3241 636 3312 άντὶ
664 3249 721 3314 τοῦ
744 3245 910 3335 έττιτηρεῖς
933 3243 1016 3313 ττότε
1047 3243 1132 3335 ἔλθη
1154 3242 1173 3313 ὁ
1194 3246 1302 3311 κωλα-

2 3343 3 3370 ³
97 3331 212 3484 κηέτης
234 3331 290 3398 καὶ
320 3331 431 3422 ἐνέγκῃ
462 3331 516 3399 σοὶ
537 3332 575 3400 τό
605 3330 793 3420 τριώβολον.
816 3371 858 3382 -
892 3338 962 3401 Hes.
983 3335 1181 3420 χασκωρεῖν·
1206 3355 1299 3423 περι·

98 3417 242 3502 βέττειν.

183 3517 343 3606 χθόνιος]
389 3525 579 3600 Vocabulum,
609 3527 686 3604 quod
716 3527 843 3605 genuina
875 3543 940 3587 curn
971 3527 998 3587 ui
1034 3525 1140 3586 dicitur
1169 3526 1205 3586 do
1234 3526 1304 3587 sub-

98 3618 229 3673 terraneo
259 3611 306 3672 vol
333 3611 426 3673 iniero
455 3609 528 3684 loco,
560 3613 608 3673 oui
637 3613 724 3673 otiam
753 3611 876 3674 infestae
903 3613 947 3672 rei
977 3612 1055 3672 notio
1085 3611 1222 3672 adiuncta
1252 3615 1303 3683 est,

100 3700 178 3775 apud
200 3698 408 3759 Anacreontem
431 3697 618 3775 singulariter
646 3700 813 3775 usurpatur.
856 3695 901 3758 De
922 3697 1084 3775 fragmento
1108 3696 1148 3758 64
1170 3698 1303 3774 corrupte

102 3785 209 3845 tradito
232 3785 339 3844 certius
360 3781 472 3862 aliquid
494 3784 552 3844 dici
574 3801 631 3844 non
645 3785 747 3862 potest,
770 3799 946 3861 quamquam
966 3774 1108 3860 χθόνιος
1123 3783 1166 3844 ibi
1179 3798 1197 3842 a
1212 3783 1303 3844 schol.

99 3869 170 3933 Hcs.
185 3867 236 3930 Th.
253 3867 314 3930 767
337 3871 414 3930 recte
438 3868 613 3946 explicatum
637 3886 701 3931 esse
722 3869 837 3930 ridetur
857 3886 909 3948 per
932 3859 1097 3950 σταχερός;
1128 3867 1217 3929 altero
1240 3867 1302 3930 loeo

99 3951 146 4033 (tr.
170 3951 223 4034 74)
253 3953 398 4032 Megisten
428 3953 607 4032 Polycratis
619 3965 747 4056 puerum
777 3957 860 4032 poeta
892 3956 935 4015 sie
964 3953 1137 4033 alloquitur:
1171 3947 1234 4035 ἐγώ
1267 3949 1304 4015 δὲ

103 4033 208 4119 μισέω
244 4032 381 4116 πάντας,
420 4031 493 4102 ὅσοι
528 4041 682 4116 χθονισας
717 4031 825 4117 έχουσι
862 4035 1002 4121 ῥοσμοιίς
1038 4033 1096 4101 καὶ
1129 4032 1303 4116 χαλεπούς.

100 4124 249 4204 Borglrius
272 4124 389 4206 (Anser.
411 4142 437 4204 p.
462 4125 538 4204 203)
568 4126 640 4187 haec
670 4127 860 4187 Anacreontis
893 4126 980 4188 verba
1009 4143 1058 4187 ecs
1073 4127 1216 4188 ,iudicare
1238 4143 1303 4204 per-

101 4227 221 4273 suasum
243 4211 341 4284 habet,
365 4213 433 4300 tqui
456 4211 543 4272 facile
564 4213 731 4272 irascuntur
746 4215 773 4272 et
789 4209 923 4273 dilficilos
938 4213 1013 4284 sunt,
1035 4212 1088 4273 sed
1109 4213 1192 4285 iram,
1214 4229 1303 4291 quam

100 4297 192 4358 semel
215 4301 383 4376 conceptam
406 4297 456 4362 diu
477 4298 611 4372 retinent,
634 4296 738 4360 callide
768 4285 886 4359 celaut’.
930 4296 988 4360 Sed
1010 4295 1084 4359 haec
1104 4299 1303 4376 interpretatio

104 4385 258 4445 verborum
282 4385 490 4462 sensumsapte
520 4401 576 4445 non
606 4384 703 4445 reddit
734 4401 828 4463 neque
850 4383 1005 4460 respondet
1026 4379 1131 4457 uerbis,
1160 4401 1235 4462 quae
1257 4401 1302 4444 se-

1062 4485 1105 4546 7*
