3078 5108
552 334 764 400 ...45-

66 510 120 584 οὗκ
140 514 174 582 ἒν
193 513 321 624 χρήσει·
342 520 410 627 χρῶ
431 513 486 586 οὖν
496 544 547 626 τφ
569 517 743 627 κρείττονι·
766 519 804 586 τὸ
825 520 886 607 γὰρ
909 519 966 628 τὴν
980 515 1103 604 γνάθον
1118 517 1259 608 πλατείᾳ

66 628 102 690 ²⁷²
90 579 443 797 4333636366
463 600 1258 800 63633Ἔλῖαέίίιῖἔλνῗίλλῗίίρυ)

63 779 116 840 τοῦ
137 779 281 861 3ρηνεῖν.
313 774 439 842 σαλεύει
470 775 531 862 γὰρ
560 776 617 842 καί
646 774 807 886 ταράττει
827 778 884 843 τίν
913 774 1061 844 διάνοιαν
1088 804 1107 865 η
1129 774 1261 886 τοιαύτη

65 854 156 964 ὀδύνη
172 885 230 927 του
216 857 381 949 &prtem
404 885 492 964 quam
508 869 715 929 derivationem
731 886 749 929 a
765 861 847 950 σοίλη
869 869 966 947 prebe
989 868 1060 930 Hes.
1075 860 1259 944 σαλαίζειν·
1334 905 1336 912 -

63 942 259 1014 κόπτεσθαι.
277 945 512 1054 σαλαισῳός)·
534 949 686 1026 κωκυτός.

145 1029 352 1140 τανταλίζω.]
392 1036 489 1099 Sobel.
520 1037 565 1099 Se.
588 1041 653 1099 Ant.
680 1027 782 1100 134’
763 1029 925 1141 αντιτύπᾳ
955 1028 989 1099 6
1025 1032 1084 1099 ἐπὶ
1115 1035 1156 1123 γᾷ
1178 1031 1260 1099 πέσε

63 1114 338 1196 tartaream*
326 1113 377 1184 ότι
400 1117 437 1185 ria*
458 1118 683 1198 τανταλωθεὶς
698 1117 846 1226 σημαίνει
868 1143 907 1185 το
897 1117 1127 1196 (λιασεισθεὶς
1134 1143 1261 1226 μαρτυ-

66 1208 113 1290 ρεῖ
132 1202 191 1268 καί
213 1197 397 1309 Ἀνακρέων
420 1201 551 1287 (78)·‘.
575 1165 825 1293 ,μελαμφύλλφ
848 1201 956 1295 δάφνῃ
983 1199 1143 1292 χλωρι
1112 1230 1130 1270 τ
1168 1203 1261 1294 ε’λαίῃ

62 1283 269 1369 τανταλίζει’
308 1294 366 1356 Sed
395 1313 429 1356 ex
457 1295 506 1356 his
535 1295 709 1358 scholiastae
739 1297 835 1357 verbis
857 1297 1048 1357 Anacreontei
1076 1297 1157 1357 verbi
1187 1313 1261 1374 quae

62 1381 104 1439 vis
126 1381 219 1442 sitm
218 1378 321 1458 tellegi
343 1398 400 1442 nen
422 1383 524 1459 petest.
556 1383 655 1484 Atque
676 1381 777 1460 Bergk
798 1379 914 1462 (Anser.
936 1400 963 1461 p.
980 1379 1056 1482 214)
1079 1382 1261 1443 intransitive

63 1465 115 1527 hoa
139 1467 249 1526 dietum
273 1469 436 1527 asserente
459 1458 746 1568 patatsuspensnm
769 1485 841 1540 ease,
863 1457 1037 1567 trepidara’.
1081 1467 1123 1528 cf.
1145 1484 1260 1569 qnoque
1365 1464 1369 1472 '

62 1551 128 1612 Hes.
149 1544 337 1628 τανταλίζει
359 1545 560 1632 (τανταλίζει
575 1553 667 1631 codd)
689 1546 810 1634 τρέμει.
833 1551 984 1632 Δωριεῖς
1008 1544 1039 1613 οί
1065 1547 1101 1612 δὲ
1117 1545 1260 1632 σπαίρει.

61 1629 317 1712 ἕταντοίλιζεν·’
303 1629 444 1719 ε’τρεμεν.
476 1638 512 1699 In
534 1639 617 1699 initio
640 1656 742 1700 versus
764 1637 910 1717 supplevit
932 1631 1070 1716 Bargk'
1055 1657 1096 1714 εν,
1120 1640 1197 1716 qaod
1213 1638 1261 1698 hie

60 1725 180 1784 minima
202 1724 375 1801 requiritur3
397 1723 558 1802 praeferam
580 1723 628 1808 τῇ,
657 1726 706 1797 ita,
734 1727 767 1784 ut
797 1725 911 1785 dativus
934 1724 1128 1802 temperative
1149 1725 1261 1802 positus

61 1810 104 1870 sit.
133 1808 226 1870 Poeta
247 1810 325 1869 enim
348 1809 496 1870 hominem
519 1812 663 1888 quendam
684 1810 821 1870 timidum
843 1808 920 1871 vel'
912 1827 1053 1888 ignavum
1074 1809 1124 1870 hie
1139 1811 1261 1870 irridere

62 1895 185 1967 videtur,
215 1893 306 1955 simili
336 1895 546 1973 modesteque
579 1913 631 1955 nes
665 1913 730 1956 eum
761 1897 795 1956 at
823 1894 923 1974 populi
950 1895 1082 1956 frondem
1115 1895 1262 1973 trepidare

62 1980 252 2042 dicimus.—
274 1980 311 2040 In
332 1978 394 2041 illis
417 1984 517 2058 poetae
540 1981 692 2041 cuiusdam
714 1981 818 2042 eemiei
839 1981 946 2054 verbis,
968 1998 1042 2060 qnae
1063 1982 1095 2041 in
1116 1980 1262 2060 proverbii

61 2066 300 2127 consuetudinem
329 2072 483 2127 venerunt:
458 2059 685 2128 4Ταντοίλου
714 2062 755 2127 τολ
784 2057 929 2128 τάλαντα
957 2059 1182 2143 τανταλίζεται
1205 2063 1262 2146 (IV

63 2150 121 2212 660
152 2150 216 2225 λλ),
247 2151 343 2212 ieeese
376 2153 414 2213 ad
445 2151 559 2212 ranan
592 2170 698 2213 nomen
728 2153 883 2213 formatum
918 2154 961 2213 sie
995 2153 1105 2214 dietum
1135 2155 1179 2214 est
1209 2170 1261 2230 pro

59 2229 285 2312 ταλαντίζεται
307 2235 357 2314 (ef.
380 2235 461 2298 suit.
484 2255 506 2298 a.
530 2256 555 2297 v.
577 2232 619 2298 τὰ
645 2230 835 2315 Ταντάλου).

143 2319 180 2402 b)
201 2321 321 2383 Verbi
313 2339 345 2383 in
369 2317 490 2398 α-λιζω
512 2323 635 2384 derivati
655 2323 711 2384 hoe
731 2341 823 2385 unum
847 2322 1013 2425 exemplum
1036 2325 1142 2384 enatat.

145 2399 351 2484 πυκταλίζωι
376 2407 425 2481 62,
441 2399 576 2492 inieris}
591 2403 677 2510 πρὸς
687 2401 813 2492 Ερωτα
829 2400 1027 2485 πυκταλιζω
1050 2409 1137 2471 Onon
1153 2407 1201 2479 62
1218 2406 1258 2468 31

61 2493 165 2555 etms.
187 2493 227 2554 Μ
258 2492 307 2568 (et.
328 2493 404 2571 flor.)
435 2492 506 2566 345,
529 2495 570 2556 40
593 2486 725 2578 πύκτης,
759 2487 916 2571 πυκτίζω,
950 2487 1137 2596 πυκταλίζω
1165 2483 1260 2553 Ἀνα-

57 2574 171 2663 κρὲων.
210 2569 356 2662 Σώφρων
387 2575 454 2659 (em
485 2579 570 2658 Ahr.)
604 2573 804 2643 πυκταλειίω.
853 2581 1035 2641 Intensivam
1066 2582 1126 2641 vim
1158 2580 1261 2640 habet:

56 2668 122 2728 vide
146 2682 271 2744 queque,
299 2682 375 2744 qaae
405 2665 441 2726 de
473 2665 528 2727 hee
549 2666 711 2745 fragmento
733 2683 870 2746 suprap.
893 2666 942 2738 25,
966 2666 1077 2730 5diri
1112 2657 1260 2741 πυκτίζω

56 2751 298 2830 agrammatieis
319 2750 431 2812 fietum

142 2835 257 2898 Eadem
277 2837 410 2898 veterum
432 2835 505 2897 tatae
526 2838 737 2899 terminationis
760 2836 912 2915 explieatie
934 2837 1033 2898 redit
1025 2855 1056 2897 ιιι
1077 2836 1126 2898 his
1148 2854 1261 2916 qnoque

56 2924 156 2985 verbis
180 2923 280 2982 aetam
302 2923 387 2983 medo
409 2922 560 2983 derivatis:

143 2999 434 3090 ἒντροπαλίζομαι.
472 3009 511 3070 Λ
535 3007 596 3171 54)7
620 3007 667 3084 (ef.
690 3007 736 3070 m.
757 3008 797 3070 M.
820 3006 891 3078 345,
907 3005 971 3085 32),
995 3008 1112 3082 Ρ109,
1146 3010 1176 3068 (D
1198 3008 1259 3068 492

57 3093 165 3171 (ευλιολ.
188 3092 236 3171 Β),
258 3097 290 3154 Ζ
310 3093 372 3155 406
396 3091 477 3174 (Hes
500 3112 524 3156 s.
546 3094 603 3171 a).
686 3139 688 3142 -

147 3094 374 3262 στροφαλίζω;
397 3177 511 3240 σ315.

143 3263 300 3326 Praeterea
322 3264 395 3326 haee
417 3281 530 3344 qnoque
553 3264 642 3325 verba
656 3266 757 3326 eedem
772 3265 857 3326 mede
871 3263 994 3325 formata
1009 3264 1083 3325 mihi
1098 3267 1164 3325 nota
1179 3266 1259 3324 sunt:

145 3343 339 3454 ἐγγυαλίζωι
361 3350 402 3411 A
423 3348 493 3423 353,
521 3348 641 3412 0644.

145 3428 337 3516 ἃρπαλίζωι
373 3435 478 3497 Αεευλι.
512 3433 589 3514 Sept.
623 3435 693 3496 225.
737 3435 806 3497 Hes
837 3425 1080 3515 ἆρπαλίζομαι·
1112 3424 1266 3514 ἀσμένως

56 3517 113 3600 (λὲχ
114 3543 160 3604 ομ
163 3541 208 3582 αι.

134 3545 328 3683 ταταλίζωι
351 3605 525 3679 Heredast,
542 3604 597 3678 60;
621 3605 713 3679 6,77.
735 3624 858 3692 germ
861 3594 1019 3668 tttseheln'
1037 3604 1084 3682 (ef.
1099 3604 1264 3667 Buecheler

57 3697 95 3758 ad
121 3695 151 3768 6,
176 3693 238 3770 77).
282 3693 465 3756 Getarumv.
484 3691 604 3752 Meister
624 3691 712 3764 arl5,
735 3691 784 3754 69.

145 3769 342 3861 τραγαλίζω.
374 3769 546 3860 τραγίζειν,
570 3778 647 3856 qued
672 3779 799 3856 genuine
825 3777 972 3854 signifieat
986 3767 1116 3837 hireum
1141 3765 1260 3837 referre‘

59 3866 140 3944 (seil.
167 3865 298 3937 libidine,
318 3863 442 3925 lascivia
468 3863 600 3964 imitari),
623 3864 658 3924 de
680 3862 798 3925 homine
819 3863 975 3925 libidinose
999 3863 1105 3923 dieitur
1126 3862 1263 3963 Hippoer.

57 3954 86 4013 V
101 3949 234 4014 teon:
265 3942 348 4033 ε’πὴν
379 3937 625 4032 ἀφροδισιάζειν
654 3938 817 4031 ἷίρξωνται
846 3938 1057 4032 ὴτραγίζειν.
1080 3940 1264 4028 τραγαλίζω

58 4043 171 4110 antam,
200 4036 277 4115 quod
308 4035 399 4096 semel
431 4037 578 4096 invenitur
610 4036 658 4095 Ar
690 4052 768 4112 vesp.
800 4033 869 4107 6,74
902 4036 944 4094 ibi
976 4033 1125 4095 hominem
1156 4035 1265 4095 indieat

56 4123 176 4186 libandi
191 4121 338 4200 rapidam,
348 4120 396 4181 vel
410 4122 569 4182 seeundum
584 4110 803 4181 seholiastam
783 4111 1017 4201 αποτροίγοντα
1030 4122 1058 4180 et
1066 4110 1264 4222 θηλάζοντα,

58 4215 111 4273 aut
126 4227 189 4291 μιν
210 4202 246 4268 ὸν
261 4204 423 4292 ῥοφοῦντα
438 4205 525 4284 (haee
541 4207 619 4267 enim
642 4206 795 4284 explieatio
816 4224 875 4266 nen
896 4207 933 4266 ad
954 4197 1132 4285 λαγαρύζω,
1155 4206 1207 4266 sed
1226 4208 1264 4265 ad

58 4288 249 4382 τραγαλιζω
270 4294 368 4372 petias
389 4288 534 4371 pertinet)

149 4379 232 4442 Haeo
253 4379 341 4442 verba
364 4379 407 4438 sie
427 4377 550 4439 formata
572 4375 680 4439 hebent
701 4377 761 4438 vim
775 4378 951 4439 intensiram
973 4375 1053 4439 velut
1067 4368 1265 4454 πυκταλίζω,
