3078 5108
533 416 742 480 ..21-

36 607 68 668 id
91 625 207 687 quoque
228 611 359 688 posoitur
373 613 405 673 in
421 611 472 673 illo
487 612 604 675 dioondi
618 632 734 693 genere,
757 619 790 676 ut
804 614 923 693 singula
944 617 1088 695 oniusque
1103 619 1241 679 carminis

36 720 172 783 membra
192 723 254 782 arte
275 723 352 784 inter
373 741 405 785 se
428 724 601 786 ooheereant
616 727 645 786 et
659 726 748 787 oratio
771 743 862 806 aeque
885 728 1011 806 profluat
1032 745 1104 790 nove
1126 730 1241 790 senten·

35 833 146 894 tiorum
169 835 349 897 oonoinnitos
371 833 504 898 doleatur
524 835 574 914 (oi.
596 855 625 916 p.
650 835 736 917 514).
780 839 843 899 Hoo
864 840 962 900 autem
982 838 1066 900 idem·
1084 842 1135 913 est
1165 842 1241 920 quod

34 943 198 1024 Dionysius
238 944 509 1009 Halieumassensis
546 949 594 1023 (de
627 965 720 1027 eomp.
755 951 835 1014 verb.
867 970 895 1029 p.
928 947 989 1010 886
1024 948 1153 1029 Sohaof.)
1185 946 1242 1034 rip

36 1049 204 1141 γλαφυρόν
230 1051 288 1120 καὶ
310 1045 456 1142 ἀνθηρὰν
490 1050 644 1122 σύνθεσιν
670 1061 808 1124 nominat.
852 1060 894 1125 cf.
918 1061 995 1122 onim
1023 1061 1095 1124 ibid.
1117 1080 1147 1141 p.
1171 1061 1241 1136 888,

38 1169 67 1228 et
89 1167 158 1230 ride
180 1185 254 1248 qnae
276 1169 313 1229 do
328 1169 455 1249 singulis
470 1171 568 1233 verbis
589 1171 621 1232 in
644 1169 698 1232 hae
714 1173 842 1233 oratione
856 1172 1033 1234 adhibendis
1055 1175 1084 1233 et
1098 1173 1240 1254 uniusque

40 1279 178 1341 carminis
200 1279 273 1341 eolis
287 1282 443 1360 praeoepta
464 1281 572 1360 profert
592 1300 621 1361 p.
637 1280 708 1345 840.
752 1282 832 1344 Haeo
854 1285 952 1344 autem
972 1282 1126 1345 donationis
1146 1283 1238 1363 polita

38 1392 218 1454 oonoinnitas
241 1395 270 1454 et
290 1396 390 1456 ornata
404 1394 543 1455 venustos
557 1411 575 1454 a
589 1393 729 1472 Dionysio
744 1397 860 1472 praeter
873 1394 1035 1456 Hesiodum
1057 1397 1086 1457 ot
1099 1395 1238 1458 Lesbiam

36 1504 180 1582 poetriam
201 1505 376 1566 Anacreonti
399 1507 429 1566 ot
450 1502 592 1566 Simonidi
623 1507 652 1566 ot
672 1504 807 1585 Euripidi
829 1507 929 1578 datur;
959 1510 987 1567 ot
1008 1506 1046 1567 ad
1068 1507 1241 1568 sententiam

35 1633 123 1677 suam
145 1615 275 1694 exemplo
297 1616 394 1695 magis
416 1616 644 1678 oonfirmandam
665 1615 802 1695 Sapphus
825 1634 942 1679 oarmen
957 1597 1142 1679 notissimum
1164 1617 1240 1680 illud

36 1726 181 1806 hymnum
203 1728 234 1788 in
256 1727 403 1788 Vononem
430 1727 541 1788 foetum
570 1728 672 1791 reddit.
716 1725 783 1789 Non
811 1729 909 1789 minus
938 1729 1014 1790 reete
1043 1728 1240 1804 iudiearissat,

36 1840 63 1899 si
85 1856 140 1917 pro
162 1855 195 1899 oo
226 1839 417 1900 dneereontis
446 1855 571 1912 camon,
600 1856 656 1918 qno
684 1839 797 1901 Dianae
823 1857 932 1901 numen
953 1837 1116 1902 oelebratur
1139 1840 1185 1916 (ir.
1211 1841 1240 1918 1)

34 1950 84 2013 vol
106 1949 189 2011 aliud
211 1949 307 2030 (velut
320 1950 355 2013 ir.
373 1949 401 2014 8.
420 1948 467 2013 14.
483 1948 538 2030 48)
561 1951 750 2023 reddidisset;
772 1951 883 2026 ubique
898 1952 976 2012 enim
998 1951 1087 2013 totius
1102 1951 1241 2014 earminis

33 2061 155 2140 singula
190 2063 321 2124 membra
360 2060 486 2123 naturali
524 2062 649 2142 quodam
684 2061 910 2141 firmissimeque
946 2061 1062 2124 vinoulo
1099 2064 1176 2125 inter
1209 2082 1241 2125 ss

34 2173 192 2235 ooniunota
215 2189 279 2235 esse
301 2174 383 2234 rides
413 2176 441 2236 et
470 2175 644 2236 sententiam
671 2191 746 2252 quae
768 2175 937 2254 proponitur
964 2175 1039 2236 bene
1062 2176 1240 2253 dispositam.

36 2285 62 2349 1.
85 2286 132 2347 do
153 2283 335 2348 artioulo.

122 2413 147 2458 a.
168 2396 319 2458 Artionlm
330 2397 409 2475 apud
421 2398 634 2458 Anauroontom
647 2397 749 2474 paneis
762 2397 876 2457 mutum
890 2395 964 2458 loeis
978 2395 1098 2476 legitur.
1118 2397 1241 2470 Ponitur

33 2511 65 2569 in
88 2507 218 2571 definitis
232 2508 365 2586 partibus
386 2509 476 2571 totius
497 2506 625 2570 alieuius
646 2509 690 2569 rei
712 2507 891 2569 indioondis:
916 2505 964 2581 68,
987 2506 1006 2569 8
1028 2502 1070 2569 τοὶ
1092 2503 1152 2589 μὲν
1173 2496 1237 2570 δέκ’

35 2614 149 2702 ἐγχέας
170 2609 297 2698 ὕδατος,
320 2612 362 2680 τὰ
376 2612 476 2682 πέντε
498 2607 527 2680 d'
551 2609 641 2681 οἴνου
662 2610 817 2696 κυοίθους,
842 2617 883 2681 88
907 2610 1086 2702 στεφάνους
1108 2607 1138 2680 δ’
1160 2608 1240 2704 ἀνὴρ

35 2730 126 2812 τρεῖς
148 2721 286 2806 ἕκαστος
308 2717 401 2811 εἶχεν,
429 2725 505 2804 τούς
533 2723 593 2811 μὲν
615 2721 770 2814 ῥοδίνους,
803 2725 919 2792 τόνόὲ
941 2723 1175 2814 Ναυκρατίτην.
1198 2763 1239 2775 -

32 2833 214 2924 μεμάθηκα
235 2831 278 2915 δ’,
301 2830 327 2904 οἶ
350 2833 509 2924 Μεγίστη,
529 2840 595 2902 τῶν
616 2829 863 2923 ἇβακκζομόνων
886 2841 934 2915 74,
950 2841 986 2914 4;
1008 2843 1059 2922 qui
1079 2841 1238 2920 tranquillo

34 2955 134 3016 animo
156 2956 225 3015 eunt
240 2955 422 3032 opponuntur
442 2953 489 3028 iis,
510 2944 586 3016 όοοι
605 2945 761 3029 χθονίους
782 2944 892 3029 ἔχουσι
906 2945 1047 3036 ῥυσμοός
1068 2945 1124 3013 καὶ
1144 2948 1237 3028 χαλε-

33 3058 130 3140 πούς.
174 3067 220 3126 Ad
249 3065 379 3127 hominis
408 3065 551 3143 originem
574 3051 1238 3158 71101001100ιοῖ·0011100οα88’11ρξίοννιτρ”

34 3168 263 3260 Λευκολόφου.
306 3175 541 3239 Pronominalem
572 3177 633 3238 vim
665 3165 738 3238 ὁδ’
762 3172 841 3255 (10),
873 3164 948 3259 ἡδ’
972 3173 1036 3251 (14,
1060 3174 1091 3249 5)
1123 3173 1239 3236 habent

33 3288 186 3351 Artioulus
207 3290 358 3367 praeterea
379 3288 526 3350 invenitur
547 3289 579 3350 in
601 3288 792 3349 substantivis
814 3305 882 3348 oum
905 3287 1048 3348 adieetiro
1071 3285 1240 3361 ooniunotis,

33 3417 154 3481 sempor
175 3401 273 3462 autem
295 3400 345 3473 ita,
367 3402 401 3460 nt
421 3399 600 3461 adieetirum
621 3415 673 3459 suo
696 3399 878 3460 substantivo
893 3399 1045 3460 anteoodat
1065 3396 1187 3459 artioulo
1202 3399 1239 3460 ab

32 3512 179 3576 adieetivo
200 3528 257 3572 non
279 3513 428 3588 separato:
452 3509 491 3571 21
501 3526 528 3572 a.
545 3507 595 3572 80.
611 3508 660 3583 00,
684 3508 713 3572 8.
730 3507 749 3569 4
771 3503 828 3594 τὴν
849 3500 1003 3570 ἐπίστιον
1023 3507 1078 3584 (so.
1094 3498 1239 3586 κίλικα);

35 3623 105 3697 100,
131 3623 159 3686 1.
175 3620 204 3685 8.
250 3620 365 3683 Deinde
396 3619 505 3700 legitur
537 3621 616 3698 apud
647 3611 746 3701 ἒμόςι
775 3614 833 3682 τόν
864 3613 944 3700 ἐμόν
965 3609 999 3680 d'
1023 3607 1122 3701 ἔρωτ’
1147 3619 1175 3692 8,
1200 3617 1238 3679 10

34 3733 91 3820 τῆς
105 3727 186 3818 ἐμῆς
202 3727 310 3814 ψυχῆς
332 3732 359 3808 4,
376 3730 395 3793 8
418 3725 474 3815 τὴν
487 3725 549 3812 ’μὲν
564 3724 644 3816 ἐμὴν
658 3722 762 3812 κόμην
786 3730 834 3804 14,
851 3731 884 3804 6;
908 3723 944 3794 αἱ
965 3718 1000 3792 δ’
1024 3723 1103 3811 ἐμαὶ
1123 3721 1239 3812 φρένες

38 3846 77 3907 81
100 3845 159 3924 (sio
180 3843 227 3908 ut.
243 3843 283 3906 M.
306 3841 376 3917 888,
392 3843 456 3921 88),
477 3844 530 3905 sed
552 3833 586 3904 oi
609 3835 647 3905 dd
667 3860 729 3923 μευ
752 3839 840 3924 (κου)
862 3861 918 3927 φρ.
941 3842 1061 3904 Cramer
1082 3841 1136 3902 dn.
1158 3839 1239 3902 Onl

37 3955 108 4031 888,
131 3953 160 4019 8.
204 3956 284 4030 Quae
305 3953 391 4016 leodio
413 3955 528 4034 integra
550 3955 602 4018 est
645 3951 807 4015 Rarissima
839 3956 882 4015 est
913 3969 947 4015 oa
969 3951 1125 4021 oollooatio.
1155 3951 1239 4012 ouius

36 4066 175 4130 nonnulla
196 4066 329 4147 exempla
350 4064 434 4127 affert
448 4063 572 4144 Krdgor,
593 4083 637 4143 gr.
652 4063 785 4144 Spraohl.
802 4062 865 4145 (47,
882 4062 910 4137 8,
926 4060 967 4144 5),
989 4064 1021 4124 in
1042 4063 1091 4124 his
1114 4062 1239 4144 Hippon.

36 4180 69 4240 ir.
93 4178 133 4240 68
164 4167 196 4239 οἱ
219 4171 256 4239 δέ
276 4195 336 4258 μευ
359 4165 489 4250 ὀδόντες
520 4170 556 4237 ἐν
586 4174 676 4238 τοῖσι
704 4166 860 4254 pedaneo
890 4166 1074 4238 κεκονίαται
1105 4163 1239 4248 πάντες.

37 4291 188 4352 nonerunt
210 4305 245 4350 ex
264 4288 398 4350 nerones
420 4287 600 4349 mmmm
622 4287 654 4348 nr
676 4285 749 4348 roo:
780 4288 807 4364 o,
831 4285 850 4348 u
872 4277 910 4347 τό
931 4303 992 4367 μευ
1014 4267 1118 4366 αἷμα,
1147 4283 1174 4357 o,
1197 4284 1237 4346 41

38 4394 92 4485 τήν
124 4419 185 4482 μου
213 4395 378 4479 γλῶσσαν,
412 4400 441 4474 5,
465 4398 505 4460 39
537 4390 595 4483 τήν
627 4414 684 4459 σεο
714 4389 819 4482 χολήν,
863 4395 1047 4459 Pronominis
1078 4395 1239 4474 personalis

39 4513 171 4590 genetivo
192 4511 406 4591 possessionem
423 4509 570 4572 indioanto
591 4511 677 4589 positi
702 4507 834 4587 exempla
856 4525 913 4568 non
927 4523 1020 4587 pauoa
1035 4508 1148 4568 exstant
1161 4508 1239 4584 apud
