3078 5108
733 323 945 389 ³38-

238 514 398 605 χειμερίης
429 522 464 585 ef.
487 523 573 595 enim,
595 538 670 601 quae
691 539 781 601 supra
802 524 838 584 de
860 524 1039 584 Anaoreonte
1061 522 1182 585 Homeri
1206 522 1353 584 imitatore
1378 521 1446 583 dixi

239 624 456 714 θαρσήσαντα
478 626 635 696 λαίλαπιε
657 635 802 697 Homerus
825 637 876 696 aut
890 635 1074 696 intransitive
1089 636 1142 695 aut
1156 635 1224 709 (uno
1239 635 1353 694 mutum
1369 631 1446 708 loeo)

241 760 307 804 eum
336 745 501 829 aeensativo
531 747 716 807 eoniunotum
746 746 868 808 verbum
899 746 1034 808 adhibet:
1065 744 1178 806 θ197
1210 745 1342 806 merra
1363 743 1447 806 Ulixi

241 845 363 933 θάρσει
383 847 477 918 τόνδε
498 844 531 936 γ’
555 845 686 931 άεθλον,
709 857 738 917 h.
757 875 781 919 a.
802 857 877 932 bono
900 858 942 918 sis
963 857 1032 918 lieet
1047 857 1144 918 animo
1160 855 1216 918 hoe
1230 858 1262 918 in
1277 858 1446 919 eonomine.

243 965 284 1026 of.
307 965 353 1026 So.
376 965 406 1027 0.
430 965 462 1030 G.
486 965 546 1028 649
577 964 719 1048 (Theseus
749 966 899 1046 Oedipoda
927 967 1092 1047 supplicem
1125 967 1295 1048 alloquitur)
1324 962 1446 1051 θάρσει

241 1069 280 1136 τδ
301 1071 396 1140 τοῦδέ
417 1065 450 1156 γ’
480 1067 612 1162 ἀνδρός·
636 1070 672 1142 oi
702 1097 738 1141 σε
767 1073 813 1163 μὴ
840 1074 966 1162 προδῶ,
1000 1081 1036 1141 δε
1067 1097 1114 1142 me
1146 1096 1268 1159 meoque
1300 1079 1446 1158 praesidio

242 1187 316 1249 bono
339 1188 381 1249 sis
413 1187 484 1250 lieet
504 1190 608 1252 animo.
654 1189 722 1251 Her.
744 1190 804 1252 VII
827 1189 867 1252 50
889 1184 1028 1273 κρέσσον
1056 1185 1093 1253 δὲ
1123 1183 1232 1252 πάντα
1259 1183 1446 1272 θαρσέοντα

243 1291 341 1382 ἥμισυ
370 1297 435 1360 τῶν
457 1296 570 1362 δεινῶν
591 1294 731 1379 πάσχειν
752 1297 878 1382 μάλλον
898 1292 920 1385 ’ὴ
941 1303 1009 1364 πᾶν
1034 1302 1141 1386 χρῆμα
1173 1296 1447 1382 προδειμαίνοντα

243 1403 379 1492 μηδαμὰ
398 1406 500 1494 μηδὲν
522 1411 658 1474 παθεῖν.
691 1412 765 1475 (ium
788 1414 885 1475 dativo
908 1416 1093 1476 ooniunetum
1114 1414 1223 1494 legitur
1244 1413 1313 1475 Her.
1335 1411 1445 1475 11176

244 1520 295 1597 (de
323 1521 424 1583 Persis
445 1521 542 1601 Megis
564 1525 720 1602 imperium
751 1526 924 1603 erepturis):
956 1517 1082 1599 ἰδόντες
1110 1520 1147 1587 δὲ
1176 1521 1279 1586 ταῦτα
1306 1515 1338 1587 oi
1361 1515 1446 1586 ἑπτά

245 1624 303 1716 τη’ν
333 1652 368 1693 τε
402 1625 545 1713 Δαρείου
575 1627 699 1710 πάντες
728 1625 837 1696 αἴνεον
868 1625 995 1719 γνώμην
1027 1630 1084 1698 καί
1113 1628 1230 1698 ἔπειτα
1265 1625 1361 1720 ἤισαν
1390 1628 1448 1697 ἐπί

244 1737 286 1804 τὰ
300 1736 455 1828 βασιλήια
476 1737 717 1828 τεθαρσηκότες
738 1746 847 1809 τοῖσιν
868 1738 1004 1830 όρνισιν,
1028 1747 1056 1809 h.
1074 1766 1098 1810 e.
1114 1748 1169 1810 hoe
1183 1749 1316 1827 prodigio
1339 1748 1448 1810 eonflei.

244 1855 333 1916 'lhue
356 1855 415 1917 Vll
437 1855 477 1917 49
501 1857 537 1917 de
558 1854 661 1921 Nieia:
694 1853 752 1921 καί
784 1849 854 1939 δίμα
885 1859 959 1933 ταῖς
986 1857 1062 1940 γοῦν
1091 1853 1213 1937 ναυσίν,
1235 1845 1257 1942 ᾗ
1277 1851 1446 1943 πρότερον,

246 1958 411 2050 ἐθάρσησε
440 1960 633 2051 κρατηθείς;
664 1971 700 2032 de
727 1968 842 2032 Periole
869 1969 901 2032 Π
923 1971 963 2033 65
991 1961 1095 2034 ὁπότε
1124 1967 1199 2052 γοῦν
1227 1961 1387 2032 αἴσθοιτό
1415 1991 1448 2031 τι
1523 2015 1524 2022 1

248 2068 364 2152 αίποδς
380 2079 601 2159 (Athenienses)
617 2076 710 2166 παρά
730 2076 845 2165 καιρδν
867 2074 955 2165 ὕβρει
970 2083 1186 2164 θαρσοῦντας,
1210 2083 1238 2144 h.
1254 2101 1279 2144 e,
1294 2083 1449 2160 superbiae

246 2190 444 2270 indulgentes.
488 2192 551 2253 Hoo
573 2195 671 2254 autem
693 2193 756 2255 loeo
778 2193 1006 2273 intellegendum
1029 2194 1144 2256 videtur
1165 2195 1201 2256 de
1217 2193 1395 2266 Oleonorida
1418 2195 1450 2254 ut

247 2303 279 2363 in
300 2302 425 2382 patriam
447 2304 543 2365 redire
572 2306 672 2382 possit,
701 2307 793 2366 austri
815 2307 846 2367 ri
876 2308 963 2386 atque
991 2305 1081 2367 iurari
1110 2306 1259 2367 andaoiter
1287 2307 1447 2367 resistente.

247 2412 348 2492 Pergit
362 2418 446 2493 poete
467 2405 534 2497 δίρη
547 2408 608 2496 γάρ
630 2432 668 2477 σε
690 2411 832 2500 πέδησεν
853 2406 1014 2498 ἀνέγγυος,
1037 2416 1066 2478 h.
1082 2435 1106 2481 e.
1120 2419 1244 2496 tempus,
1268 2419 1316 2478 oui
1334 2408 1446 2498 έγγυοι,

247 2529 336 2587 testes
369 2527 481 2600 desunt,
511 2529 654 2589 ineertum
687 2517 867 2609 (ἀνέγγυος
902 2519 1045 2602 άπιστος
1067 2529 1159 2607 Ηεε.),
1194 2547 1230 2590 σε
1262 2521 1448 2610 ὑποχείριον

249 2630 401 2720 ἐποίησεν
423 2636 520 2715 (Has.:
543 2639 579 2699 ef.
595 2639 628 2700 Δ
645 2639 707 2700 517
723 2631 855 2721 Διιόρεα
874 2639 977 2723 μοῖρα
999 2634 1150 2723 πέδησεν,
1173 2637 1361 2720 stampinse),
1383 2657 1448 2700 nam

249 2749 344 2810 medio
366 2750 397 2809 in
428 2752 502 2810 mari
532 2751 718 2828 naufragium
753 2752 822 2812 feeit
844 2750 1039 2825 Gleonoridas,
1069 2769 1164 2831 neque
1194 2769 1250 2831 quo
1272 2750 1335 2812 loeo
1357 2768 1449 2830 nequa

249 2877 306 2940 quo
328 2863 457 2939 tempore
480 2862 590 2923 laetum
612 2863 652 2924 sit
665 2863 764 2923 soitur.
785 2854 847 2942 γάρ
868 2863 1067 2940 parenthetiae
1085 2864 1212 2942 positum
1228 2864 1278 2925 est.
1295 2862 1449 2941 llleganter

250 2973 361 3034 dietum
377 2974 419 3034 ast
441 2963 521 3056 δγρδ
543 2968 579 3035 δέ
593 2967 723 3058 τὴνσην
738 2963 856 3055 κύματ’
881 2963 942 3057 dp’
967 2966 1101 3058 ἱμερτὴν
1129 2965 1262 3037 ἔκλυσεν
1277 2966 1399 3058 ἡλικίην
1411 2974 1448 3050 ⁶).

250 3076 381 3146 ἔκλυσεν
402 3085 595 3153 retinendum.
616 3083 694 3146 male
716 3076 853 3147 ἔκλασεν
874 3085 973 3166 Bergk
1003 3087 1133 3148 eonieoit.
1180 3086 1222 3149 of.
1245 3085 1355 3148 Arehil.
1379 3084 1406 3158 9,
1429 3083 1447 3145 3

249 3188 357 3269 τοίους
378 3189 439 3275 γάρ
461 3189 544 3256 κατά
565 3195 652 3276 κῦμα
680 3189 942 3279 πολυφλοίσβοιο
971 3189 1144 3281 θαλάσσης
1167 3197 1220 3276 (Α
1243 3196 1299 3276 34)
1321 3189 1449 3260 ἔκλυσεν

251 3305 307 3387 (sie
330 3306 355 3367 B
377 3307 485 3384 reete);
508 3309 543 3368 de
564 3308 665 3369 fluviis
680 3308 792 3380 dieitur,
814 3310 865 3388 qui
879 3309 1037 3389 naufragos
1052 3310 1251 3388 submergunt
1285 3309 1348 3370 Hos
1361 3309 1449 3387 igitur

250 3420 335 3498 poete
357 3419 452 3480 dioers
483 3418 560 3480 uult:
596 3419 706 3507 tundae
738 3421 819 3481 tuam
848 3437 968 3482 suavem
1000 3422 1180 3483 iuventutem
1210 3408 1448 3482 submerserunt'.

252 3529 468 3592 Sententiarum
497 3531 676 3592 ooneinnitas
709 3533 738 3592 et
768 3531 915 3611 elegantia
944 3535 1025 3594 λευλε
1056 3535 1108 3604 est
1141 3535 1174 3592 ut
1194 3532 1368 3593 Ansereonti
1400 3547 1449 3591 eur

252 3643 454 3704 abiudieemns
476 3645 505 3703 et
524 3641 655 3704 lemmati
676 3643 764 3704 fldem
786 3644 965 3723 denegemus
987 3661 1046 3705 non
1066 3642 1243 3723 intellegam.

336 3753 378 3815 nx
400 3752 472 3814 eno.
494 3751 556 3815 une
579 3752 635 3830 (ι
657 3752 728 3816 ιιε.
753 3754 812 3816 116
834 3751 891 3835 a).

338 3866 503 3943 Utrumque
525 3866 705 3944 epigramma
727 3883 827 3927 omnes
850 3869 927 3929 oerte
949 3867 975 3929 ei
996 3885 1054 3929 non
1075 3868 1212 3942 tribuent
1234 3865 1304 3945 qnia
1324 3865 1450 3944 Myronis

254 3977 410 4038 artifioium
432 3976 579 4038 eelebrare
601 3978 716 4039 omnino
739 3994 797 4039 non
810 3979 920 4056 potnit.

323 4261 350 4320 d)
367 4255 473 4324 ἱμερτήν
490 4253 593 4324 ἡλικίην
611 4274 677 4307 nova
695 4265 733 4307 est
750 4259 850 4308 locutio.
886 4259 966 4309 Semel
984 4260 1109 4308 invenitur
1126 4261 1192 4320 apud
1205 4260 1349 4321 Homerum,
1368 4258 1451 4306 ubido

254 4345 354 4394 flumine
380 4345 468 4394 dieitur
486 4342 519 4412 (B
538 4342 606 4411 iol),
624 4342 723 4408 κίθαριν
741 4341 848 4409 ἱμερτήν
866 4346 890 4396 h.
908 4345 984 4398 llere.
1001 4348 1060 4404 olo,
1086 4338 1226 4410 στεφάνους
1252 4341 1371 4409 ἱμερτοός
1394 4343 1450 4391 llos.

255 4432 299 4480 ’ln
320 4433 367 4481 out
387 4429 421 4498 (v.
440 4429 552 4499 spurius).
589 4431 627 4482 Oi.
647 4433 704 4481 Sim.
725 4434 753 4478 Α.
773 4433 801 4482 Ρ.
821 4432 868 4479 Vll
887 4435 936 4480 olo
961 4424 1028 4495 ἡνίκ’
1047 4423 1092 4496 εἶφ’
1110 4425 1215 4495 ἱμερτὴν
1234 4427 1318 4482 ἔπνεεν
1344 4421 1452 4495 ἡλικίην.
