3036 5104
483 1145 487 1154 ⁸
578 1207 580 1212 .
652 1233 653 1238 ,
729 1165 851 1238 Vita.

273 1386 373 1448 Natus
402 1405 471 1446 sum
501 1385 564 1446 Leo
596 1377 715 1448 Weber
746 1387 901 1450 Vimariae
931 1389 963 1456 in
992 1389 1159 1470 Thuringis
1189 1410 1215 1451 a.
1243 1389 1272 1449 h.
1295 1409 1320 1452 ι.
1351 1390 1395 1448 68

187 1491 302 1550 mensis
316 1487 400 1550 Iunii
422 1488 473 1548 die
495 1489 656 1550 undecimo
671 1496 759 1569 patro
775 1490 916 1568 Hugone,
944 1492 997 1568 qui
1018 1493 1173 1571 gymnasii
1188 1491 1394 1554 Vimariensis

187 1599 253 1651 tum
283 1598 349 1652 erat
379 1589 552 1670 professor,
589 1598 688 1652 matre
718 1592 804 1654 Rosa
834 1614 850 1653 e
879 1601 973 1671 gente
1002 1589 1232 1656 Bertramorum
1261 1593 1395 1655 Halensi

172 1693 326 1757 oriunda.
369 1693 460 1754 Fidei
482 1693 658 1773 adscriptus
680 1715 748 1755 sum
770 1696 975 1774 evangelicae.

286 1797 442 1858 Vimariae
479 1797 655 1858 litterarum
694 1797 854 1859 elementis
886 1800 1025 1861 imbutus
1063 1801 1271 1880 gymnasium,
1308 1796 1393 1877 quod

185 1899 225 1960 H.
247 1901 391 1962 Rassovii
422 1898 567 1979 auspiciis
597 1907 663 1960 tum
692 1899 830 1980 florebat,
864 1921 920 1980 per
952 1910 1017 1963 tres
1051 1923 1146 1965 annos
1179 1902 1391 1980 frequentavi;
1496 1957 1503 1966 .

185 2010 294 2081 postea
323 2010 426 2064 autem
456 2023 526 2064 oum
558 2010 647 2082 pater
675 2003 853 2083 Isonacum,
885 2011 920 2065 ut
950 2005 995 2066 ibi
1028 2006 1188 2084 gymnasio
1222 2011 1392 2085 praeesset,

184 2107 308 2184 publice
330 2114 458 2168 vocatus
475 2104 664 2166 domicilium
678 2107 899 2186 transtulisset,
914 2107 1029 2169 scholis
1044 2107 1393 2170 Oarolo-Ehiderioianis

184 2209 320 2288 interfui,
351 2211 449 2270 donec
477 2227 551 2269 vere
582 2207 655 2268 anni
685 2210 727 2268 88
757 2209 871 2270 studiis
902 2209 1086 2271 academicis
1116 2211 1169 2289 qui
1202 2231 1250 2271 me
1283 2210 1392 2270 darem

185 2314 297 2391 dignus
319 2313 473 2373 iudicatus
495 2311 683 2373 maturitatis
706 2311 882 2373 testimonio
904 2313 1074 2375 instructus
1096 2334 1172 2375 sum.

271 2417 378 2477 Ienam
400 2422 502 2476 autem
523 2434 572 2474 me
589 2414 714 2493 contuli,
736 2422 772 2475 ut
795 2415 908 2477 studiis
929 2416 1125 2496 philologieis
1141 2437 1266 2497 operam
1280 2416 1390 2478 darem

185 2519 287 2599 gentis
317 2519 490 2597 exemplum
517 2524 643 2579 secutus
676 2538 738 2578 non
768 2539 862 2578 unum
883 2524 1012 2580 tantum.
1058 2519 1143 2592 Quae
1171 2521 1295 2598 quidem
1315 2525 1394 2599 post

184 2642 239 2682 sex
260 2642 380 2683 menses
402 2625 530 2700 propter
551 2619 707 2698 stipendia
731 2621 877 2682 militaria
898 2621 1020 2683 Isenaoi
1048 2621 1192 2684 facienda
1214 2623 1392 2700 interrupta

182 2735 253 2804 post
283 2745 396 2785 annum
426 2721 529 2802 recepi
559 2726 660 2801 iisque
689 2723 783 2784 Ienae
814 2745 870 2802 per
904 2731 952 2786 ter
983 2746 1074 2787 senos
1108 2746 1229 2788 menses
1263 2723 1391 2786 deditus

184 2849 274 2889 eram.
318 2827 483 2889 Lectiones
499 2833 601 2886 autem
616 2825 661 2887 ibi
679 2825 742 2886 adii
762 2827 972 2908 Delbrneokii,
998 2829 1232 2908 Gaedechensii‚
1255 2827 1391 2904 Gelneri,

183 2932 311 3010 Goetnii,
324 2929 564 3008 Gundermanni,
579 2929 717 3008 Hirzelii,
731 2929 850 3009 Klugii‚
864 2931 1055 3012 Liebmanni‚
1070 2932 1202 3011 Rogelii,
1214 2929 1391 2994 Schraderi.

181 3035 233 3096 Ad
248 3033 485 3096 exercitationes
503 3032 667 3094 historicas
683 3032 801 3111 Gelzer,
823 3037 967 3096 metricas
983 3035 1089 3115 Goetz,
1111 3034 1390 3116 palaeographicae

182 3139 402 3200 Gundermann
438 3137 572 3214 benigne
617 3135 734 3197 aditum
771 3136 848 3197 mihi
886 3141 1109 3218 permiserunt3
1153 3137 1390 3200 seminariorum

180 3241 361 3321 philologici
382 3247 414 3302 et
449 3239 617 3319 germanici
648 3238 763 3301 sodalis
793 3239 840 3300 fui
869 3260 925 3321 per
951 3261 1072 3302 annum.
1126 3242 1263 3315 Quorum
1294 3259 1389 3318 prae-

180 3353 339 3425 ceptorum
383 3344 517 3405 omnium
552 3346 585 3403 in
622 3343 670 3404 his
708 3343 829 3404 Goetaii
872 3365 946 3422 erga
981 3366 1030 3406 me
1068 3343 1313 3406 benevolentiam
1354 3350 1390 3404 et
1504 3350 1513 3378 ‘

179 3447 401 3509 liberalitatem
423 3454 513 3526 grata
533 3445 680 3507 memoria
700 3446 828 3508 retineo.
872 3446 981 3508 Studia
1005 3447 1084 3509 inde
1112 3469 1131 3508 a
1151 3467 1224 3509 vere
1247 3445 1319 3507 anni
1343 3447 1386 3506 91

180 3551 362 3613 Monachiae
391 3571 448 3630 per
476 3557 525 3612 ter
552 3570 643 3611 senos
671 3570 793 3612 menses
823 3555 1001 3612 continuata
1029 3571 1147 3613 summa
1177 3553 1320 3611 comitate
1353 3557 1388 3610 et
1508 3551 1514 3573 “

178 3654 369 3716 humanitate
391 3653 577 3716 adiuverunt
598 3655 637 3715 de
660 3653 773 3734 Christ,
795 3654 833 3714 R.
855 3653 985 3733 Schooll,
1015 3655 1053 3716 de
1074 3651 1230 3734 thfflin,
1252 3671 1388 3730 quornm

178 3761 211 3818 in
232 3757 405 3820 seminariis
420 3765 563 3837 receptus
578 3778 669 3836 eram,
692 3779 728 3818 ao
743 3758 782 3818 de
797 3758 913 3836 Brunn,
936 3758 1023 3819 cuius
1038 3758 1216 3837 benignitas
1238 3755 1278 3818 ad
1294 3774 1387 3815 exer-

179 3861 342 3923 citationes
357 3860 605 3938 arohaeologicas
620 3868 669 3921 ter
683 3860 801 3922 aditum
821 3861 955 3922 libenter
969 3861 1045 3921 mihi
1063 3863 1199 3940 paravit;
1221 3865 1391 3939 praeterea

179 3962 322 4044 Stumpfii
343 3963 492 4026 lectiones
508 3963 621 4026 audivi.
664 3963 790 4024 Rudoh‘i
805 3963 952 4025 Schoellii
966 3962 1149 4044 prudentiae
1162 3970 1194 4024 et
1207 3961 1389 4041 sagacitati,

178 4066 307 4128 Henrioi
329 4067 367 4128 de
388 4065 520 4127 Brunnii
542 4067 619 4127 aciei
642 4066 820 4145 ingeniosae
851 4087 942 4144 qnam
964 4067 1062 4127 multa
1084 4067 1214 4128 debeam
1234 4084 1283 4125 me
1306 4084 1387 4126 oon-

177 4169 316 4232 fitentem
337 4190 419 4232 nuno
441 4176 604 4247 utrumque
627 4191 688 4232 non
710 4190 801 4250 posse
824 4169 930 4230 audire
952 4169 1004 4249 pia
1025 4169 1171 4230 memoria
1193 4169 1285 4229 dolet.

263 4273 318 4335 Bis
340 4278 443 4334 autem
465 4273 574 4334 horum
599 4293 746 4335 annorum
776 4272 877 4352 spatio
908 4272 948 4333 ad
970 4272 1206 4334 exercitationes
1227 4270 1387 4332 militares

176 4377 370 4439 autumnales
392 4383 538 4440 evocatus
559 4395 636 4438 sum.
