3078 5108
738 304 948 372 ..32-

236 506 386 584 proprium
415 508 467 568 cst.
512 503 553 568 (ii
577 504 659 567 velut
687 505 792 568 Kaibel
822 507 913 585 epigr.
946 505 1027 568 1100
1056 495 1170 590 άνόρες
1200 499 1360 591 ἐποίησαν
1396 525 1454 572 σο·

163 685 166 694 ,
237 609 367 700 φίαισιν
389 610 489 678 καλὸν
512 607 651 697 άχαλμα.
674 608 862 697 ἐβούλευσεν
892 620 920 679 et
942 609 1048 698 ἔρεξεν
1079 617 1170 680 simili
1198 619 1282 680 modo
1313 621 1395 682 inter
1420 639 1453 682 sc

239 729 370 808 opposita
393 729 471 802 sunt,
492 730 525 789 nt
546 720 710 807 βουλεύειν
732 731 760 790 et
782 723 862 811 δρᾶν
882 730 914 790 in
935 744 1067 790 sermone
1090 729 1252 791 Atticorum
1274 730 1384 792 lorensi
1400 731 1454 808 ²);

239 829 347 923 ἔρεξεν
368 841 460 919 igitur
481 858 537 901 non
560 841 606 902 est
625 831 760 922 ἔβαψεν,
792 841 869 920 quod
890 839 1025 902 Mainake
1046 840 1146 914 voluit,
1177 858 1270 921 neque
1302 843 1339 904 de
1360 847 1452 905 veste

238 969 294 1013 acu
315 953 394 1032 picta
423 953 480 1013 dici
502 951 603 1030 Bergk
632 956 712 1014 recte
736 953 884 1025 iudicavit,
914 953 966 1013 sed
995 953 1075 1012 idem
1097 956 1140 1013 est
1170 954 1256 1032 atque
1278 945 1451 1035 ἐποίησεν.

240 1061 388 1142 Oppositio
403 1066 436 1126 ut
449 1065 565 1141 gravior
580 1064 625 1137 sit,
641 1064 730 1125 verba
742 1081 777 1124 ex
792 1064 905 1125 diverso
921 1061 1060 1124 collocata
1075 1081 1139 1124 esee
1154 1064 1244 1126 vides.
1268 1065 1451 1127 Anacreonti

239 1175 467 1236 abiudicandum
490 1192 546 1236 non
571 1192 635 1236 esse
656 1174 782 1236 feminae
805 1191 910 1235 nomen
932 1165 1077 1256 Δόσηρις
1098 1175 1214 1237 indicat
1252 1174 1331 1250 Quae
1353 1176 1450 1238 inerit

241 1288 418 1364 compertum
447 1285 590 1349 habemns
620 1303 655 1348 cx
676 1286 817 1347 Mcinchii
848 1287 884 1346 de
916 1303 950 1346 ca
981 1286 1174 1364 disputatione
1197 1284 1245 1363 (ci
1267 1287 1449 1349 Monatsber.

238 1397 265 1460 d.
287 1415 398 1476 prensa.
414 1398 507 1459 Ahad.
529 1398 556 1458 d.
573 1397 752 1460 wissensch.
775 1395 865 1474 1852,
887 1415 915 1476 p.
937 1396 1030 1475 585):
1052 1396 1107 1457 fuit
1127 1416 1199 1459 uror
1220 1396 1446 1472 Echecratidae,

236 1507 405 1571 Thessaliae
419 1511 560 1589 principis
575 1507 730 1586 Larissaci,
754 1509 893 1582 ciusdem,
909 1526 997 1588 quem
1011 1510 1141 1570 muneris
1157 1509 1309 1570 cniusdam
1324 1508 1447 1573 Baccho

239 1619 329 1682 oblati
352 1622 547 1682 dedicatorem
568 1619 650 1681 aliud
671 1621 861 1682 Anacreontis
884 1621 1065 1699 epigramma
1086 1619 1187 1681 laudat
1207 1623 1241 1681 A.
1256 1618 1288 1681 P.
1311 1621 1354 1682 VI
1379 1621 1446 1683 142

237 1729 461 1812 o=103B.):

296 1907 302 1923 ,
388 1833 452 1928 Σήν
472 1862 508 1904 τε
527 1833 630 1927 χάριν,
654 1834 803 1919 Διόνυσε,
826 1835 883 1904 καὶ
905 1831 1025 1924 άχλαόν
1045 1833 1142 1905 άστεϊ
1160 1833 1285 1922 κόσμον

454 1947 636 2036 Θεσσαλίης
656 1943 698 2035 μ’
723 1944 858 2037 ἀνέθηκ’
883 1943 981 2036 άρχός
998 1943 1225 2038 Ἐχεκρατίδης.

236 2066 335 2128 Primo
366 2084 451 2129 versu
480 2067 556 2146 quod
586 2066 697 2146 legitur
726 2059 784 2150 σάν
818 2085 854 2127 τε
882 2057 986 2149 χάριν,
1015 2065 1083 2126 talis
1112 2068 1274 2127 structurae
1302 2067 1447 2128 vetustis·

236 2181 344 2240 simum
360 2178 522 2256 exemplum
544 2179 589 2239 eit.
621 2176 667 2239 De
687 2170 790 2260 χάριν,
814 2178 890 2257 quod
906 2179 1025 2239 eandem
1041 2179 1102 2238 vim
1124 2176 1212 2239 habet
1232 2179 1319 2256 atque
1335 2169 1442 2256 ἕνεκα,

236 2289 372 2369 pluribus
395 2291 454 2368 egit
475 2289 569 2368 Apoll.
590 2287 679 2367 Dyac.
702 2291 738 2350 de
761 2291 832 2351 coni.
854 2307 882 2368 p.
905 2289 967 2351 514
990 2286 1092 2362 Belrh,
1114 2289 1165 2350 ubi
1187 2291 1265 2351 inter
1285 2287 1345 2350 alia
1366 2289 1444 2351 haec

236 2418 350 2480 quoque
371 2401 522 2480 leguntur:
544 2391 593 2462 ἔτι
614 2395 726 2482 μέντοι
748 2396 849 2485 φησὶν
871 2391 889 2463 ὁ
916 2391 1063 2483 Τρύφων,
1092 2390 1137 2474 ὡς
1159 2395 1251 2484 παρὰ
1274 2395 1331 2462 τόν
1346 2389 1441 2482 Εὐρι-

237 2502 335 2594 πίδην
366 2506 423 2573 καὶ
455 2502 504 2572 ἔτι
537 2503 650 2586 ἄλλοις
689 2512 844 2597 ποιηταῖς
875 2501 1069 2596 ὀνοματικῆς
1107 2503 1288 2589 συντάξεως
1320 2503 1439 2588 ἔτυχεν.

237 2621 388 2700 Euripidis
410 2624 555 2702 imprimis
577 2623 655 2686 hunc
677 2622 811 2687 vocabuli
832 2642 920 2686 usum
933 2666 936 2670 -
949 2625 1099 2703 proprium
1121 2641 1184 2686 csse
1206 2626 1284 2686 recte
1305 2623 1440 2685 animad-

235 2735 357 2795 vertisse
379 2733 454 2796 mihi
477 2735 592 2797 ridetur
607 2737 823 2816 grammaticus,
846 2753 914 2798 oum
935 2737 1053 2815 saepius
1074 2736 1152 2814 apud
1175 2751 1242 2796 eum
1264 2735 1439 2796 inveniatur.

237 2847 407 2907 Accuratius
430 2847 490 2924 egit
512 2847 548 2908 de
570 2864 605 2908 ea
626 2865 658 2908 re
681 2845 821 2908 Schacier
842 2848 880 2908 ad
903 2846 1022 2926 Gregor.
1045 2848 1081 2908 de
1104 2845 1181 2908 diall.
1204 2865 1231 2926 p.
1254 2844 1304 2907 32.
1347 2845 1435 2922 Apud

236 2956 413 3035 Aeschylum
441 2975 555 3036 quoque
587 2959 678 3020 exstat
698 2957 799 3036 (Pers.
824 2957 914 3032 1017,
942 2958 1027 3022 Eum.
1051 2955 1126 3038 020)
1150 2960 1178 3019 ct
1208 2955 1435 3036 Aristophanem

237 3065 322 3148 (Ach.
358 3066 461 3149 1232).
504 3068 702 3131 Memorabilis
734 3072 778 3133 cst
809 3086 912 3132 versus
942 3070 993 3132 ille
1023 3069 1069 3134 So.
1098 3069 1143 3133 Tr.
1174 3068 1236 3130 485
1265 3058 1370 3136 κείνου
1404 3084 1438 3127 τε

235 3173 290 3240 καί
313 3174 372 3264 σὴν
394 3173 430 3258 ἐξ
445 3171 520 3242 ἰ’σου
541 3175 651 3266 κοινὴν
663 3173 765 3264 χάριν.
800 3181 874 3244 (ium
888 3182 1057 3260 pronomine
1071 3181 1235 3259 possessivo
1251 3179 1437 3241 coniunctum

232 3282 327 3371 χάριν
347 3292 377 3352 in
401 3293 482 3369 epico
504 3310 636 3354 sermone
657 3294 785 3354 nondum
807 3295 960 3355 invenitur.
1002 3291 1030 3356 0
1053 3291 1114 3355 743
1138 3283 1230 3365 ὅστις
1251 3285 1289 3352 δὲ
1314 3279 1436 3373 Τρώων

234 3391 366 3485 κοίλησ’
390 3396 449 3464 ἐπὶ
472 3396 561 3486 νηυσί
584 3397 718 3488 φέροιτο
741 3397 798 3466 σόν
819 3399 901 3485 περὶ
921 3396 1048 3487 κηλείῳ,
1068 3394 1165 3487 χάριν
1177 3391 1330 3484 Ἕκτορος
1344 3388 1438 3482 ότρό-

234 3532 357 3591 ναντος,
389 3515 524 3576 Hectoris
555 3516 592 3577 ad
623 3514 817 3590 voluntatem
858 3516 928 3578 Hes.
959 3514 1011 3595 Op.
1041 3514 1102 3577 709
1135 3508 1218 3598 μηδὲ
1249 3504 1437 3595 ψεύδεσθαι

235 3617 383 3710 γλώσσης
403 3619 507 3707 χάριν,
530 3627 559 3689 h.
583 3645 605 3689 e.
628 3626 747 3706 linguae
779 3627 874 3708 gratia
894 3628 1019 3701 mentiri,
1049 3627 1199 3689 mendacis
1220 3625 1341 3704 linguae
1364 3639 1438 3684 esse.

237 3737 310 3800 (ium
340 3736 461 3800 articulo
490 3737 610 3801 adhibet
631 3739 724 3800 etiam
746 3739 815 3832 Her.
837 3738 864 3799 V
887 3738 926 3800 99
950 3735 986 3800 οἳ
1016 3756 1051 3800 τε
1076 3726 1254 3820 liupoton
1276 3725 1438 3797 ἀπίκοντο

304 3990 329 4053 at
351 3995 389 4043 ει.
406 3997 474 4043 vorot
491 3996 581 4043 Aescu.
598 3997 685 4062 agam.
705 3995 771 4044 occa
789 3994 831 4042 cci
849 3995 899 4043 uox
915 3995 984 4043 cnon
1001 3995 1120 4055 aspona
1144 3994 1205 4042 nass
1230 3991 1303 4040 mooe
1330 3980 1361 4048 ὃς
1378 3981 1436 4044 οὐκ,

234 4073 322 4141 ἐπειδὴ
340 4073 403 4147 τῷδ’
421 4081 620 4143 (Agamemnon)
638 4076 791 4146 ἐβούλευσας
814 4075 899 4145 μόρον,
925 4079 1019 4146 δρᾶσαι
1034 4073 1089 4133 τόδ’
1108 4075 1178 4145 ἔργον
1196 4070 1244 4129 ουέι
1262 4073 1337 4140 ἔτλης
1364 4065 1437 4125 otro

235 4160 339 4222 κτόνως.
375 4167 464 4225 Locos,
482 4167 572 4228 quibus
590 4168 650 4215 hacc
676 4167 814 4226 designatio
831 4168 918 4215 eodem
935 4169 1008 4216 modo
1026 4168 1090 4216 redit
1114 4167 1156 4214 vcl
1179 4165 1292 4214 similiter
1317 4161 1437 4216 variatur,

234 4250 375 4310 nuperrima
393 4253 493 4313 collegit
505 4254 537 4304 H.
552 4252 638 4312 Gleue,
656 4255 687 4302 de
704 4249 883 4300 homicidarum
895 4253 921 4300 in
933 4253 1065 4314 Areopago
1076 4252 1220 4301 Atheniensi
1237 4249 1336 4308 iudicio,
1354 4265 1379 4310 p.
1392 4249 1436 4296 41.

235 4330 301 4396 ῥέζω
319 4335 424 4384 ionicum
442 4343 480 4387 cst
497 4343 521 4388 et
538 4339 628 4400 poetici
645 4339 765 4387 sermonis
782 4339 916 4400 proprium,
935 4355 965 4388 cx
982 4354 1030 4401 quo
1043 4339 1148 4401 sumpsit
1159 4339 1232 4386 Plato
1242 4338 1307 4395 lagg.
1322 4336 1334 4382 1
1347 4335 1395 4382 040
1407 4347 1437 4380 c:

234 4417 270 4479 είς
288 4415 306 4487 ἡ
324 4417 396 4481 πόλις
415 4419 486 4488 όμῶν
505 4462 510 4472 .
530 4459 536 4472 .
555 4460 560 4472 .
580 4420 652 4490 ἡμᾶς
669 4418 698 4476 od
716 4423 801 4483 καλῶς
820 4415 838 4490 ἦ
856 4424 942 4484 καλῶς
960 4423 1052 4491 ἔρρεξε.
