3078 5108
736 317 955 383 ..35-

244 515 344 576 eodem
366 516 444 576 enim
465 515 648 594 anthologiaa
676 515 751 578 libro
773 519 839 595 poet
861 518 951 595 epigr.
975 516 1036 579 213
1060 519 1216 596 repetitum
1247 516 1363 595 legitur,
1394 516 1447 576 ubi

244 624 386 687 Simonidi
416 627 562 690 tribuitur.
615 625 769 689 Praeterea
801 629 918 707 propter
949 631 1065 706 tempus
1094 645 1207 707 qnoque
1244 628 1365 689 dubium
1398 630 1449 688 eet

243 735 321 799 Nam
350 739 427 800 idem
459 742 504 800 eet
524 736 687 812 Leoaratea,
719 739 772 818 qui
792 738 868 801 bello
890 756 917 803 a.
939 738 1001 801 457
1024 740 1061 801 ab
1092 739 1321 802 Atheniensibus
1351 741 1450 800 eontra
1525 725 1527 798 i

243 848 402 927 Aeginetae
424 851 507 928 gesto
528 853 661 929 praeerat
682 849 732 926 (oi.
754 849 843 912 Thua.
866 850 882 912 1
907 850 990 928 105).

332 959 401 1023 145.
438 962 628 1023 Anaoreontio
649 979 707 1023 nou
729 963 781 1024 eat

331 1069 392 1132 346
416 1071 472 1148 (=
496 1072 557 1134 112
579 1071 638 1151 Β.).

330 1182 426 1245 Versu
457 1185 542 1245 tertio
571 1185 641 1262 quia
673 1182 782 1262 legitur
803 1171 999 1263 Εὐωνυμέων
1031 1175 1079 1244 ἑνὶ
1111 1175 1212 1267 δήμῳ,
1244 1185 1350 1245 attioae
1384 1200 1448 1244 eeee

244 1295 369 1373 originis
401 1296 581 1374 epigramma
612 1297 724 1356 oouatat
754 1292 803 1375 (ei.
835 1296 912 1356 enim
932 1296 1012 1358 Ἠοε.
1044 1283 1231 1375 Εὐώνυμον·
1264 1290 1449 1378 ...δῆμος

247 1401 348 1490 φυλῆς
370 1405 426 1491 τῆς
444 1395 664 1490 Ἐρεχθηίδοςς
695 1398 870 1489 δημοτικόν
899 1410 943 1468 eet
971 1394 1169 1487 Εὐωνυμεύςε
1199 1405 1234 1469 oi.
1258 1404 1357 1485 Steph.
1378 1405 1448 1482 Byr.

245 1536 268 1579 a.
284 1506 494 1599 Εὐωνύμοια),
516 1523 693 1598 nequeunte
709 1517 803 1598 5081?
819 1518 892 1580 haee
907 1519 982 1579 dona
995 1518 1140 1580 Merourio
1163 1535 1180 1578 a
1200 1515 1293 1579 'Pallia
1308 1511 1448 1597 (τέλαιαι

243 1627 285 1689 P:
308 1646 362 1690 em.
384 1628 507 1708 Reieke)
531 1631 663 1692 dedioata
691 1648 764 1693 esee.
807 1630 869 1692 Hoo
900 1630 993 1709 igitur
1023 1631 1204 1709 epigramma
1224 1628 1399 1690 Anaoreouti
1422 1629 1448 1687 ei

244 1740 433 1802 tribuendum
456 1742 495 1802 eit
517 1741 608 1821 (quod
629 1742 747 1820 quidem
764 1742 890 1804 dubitari
911 1756 997 1820 poseo
1018 1739 1094 1802 mihi
1108 1741 1230 1813 videtur,
1252 1756 1321 1800 nam
1337 1740 1449 1800 eertum

246 1853 309 1912 eius
331 1853 510 1914 auetoritatio
533 1854 741 1932 argumentum
764 1853 867 1931 deest),
898 1855 1012 1931 poetam
1033 1852 1095 1914 iere
1117 1851 1173 1913 sub
1194 1850 1313 1912 ultimos
1335 1848 1447 1912 eaeonii

245 1963 318 2024 sexti
340 1979 432 2025 annos
445 1963 571 2026 Athenio
593 1965 685 2026 iniere
709 1963 868 2026 verisimile
891 1967 942 2026 eat.
965 1999 1006 2008 —
1030 1955 1197 2044 ἱμερόεντα
1219 1952 1294 2041 βίον
1316 1977 1391 2022 nova
1405 1961 1450 2022 eet

244 2071 351 2138 leontio
374 2072 455 2154 (nam
477 2075 624 2138 Homerus
644 2077 759 2138 tautum
781 2064 907 2154 ἀγαθὸν
929 2067 1002 2156 βίον
1023 2076 1126 2154 dixit);
1156 2077 1184 2136 et
1206 2065 1288 2156 πόρε
1311 2090 1346 2134 ex
1367 2072 1449 2151 epioe

245 2202 378 2248 sermone
401 2187 587 2266 desumptum
608 2188 695 2262 (redit
709 2186 792 2248 Pind.
808 2187 832 2248 Ι.
847 2187 889 2248 VI
911 2186 961 2260 49,
984 2185 1089 2248 Aeaoh.
1103 2184 1151 2248 Pr.
1167 2182 1250 2265 630).
1281 2172 1449 2245 οὖθύδικοι

243 2297 431 2360 nominantur
463 2287 654 2378 Εὗωνομοῖς,
687 2316 726 2359 eo.
756 2299 842 2360 iusti:
875 2298 909 2360 of.
939 2297 1045 2360 Aeeoh.
1073 2299 1128 2376 Ag.
1160 2295 1221 2359 731
1251 2286 1350 2358 οἴκων
1373 2340 1381 2355 .
1405 2339 1445 2357 ..

245 2395 434 2486 εὐθυδίκων,
465 2409 549 2470 Eum.
573 2408 634 2472 308
667 2398 870 2471 εὗθοδίκαιοι
902 2398 936 2470 d'
960 2397 1113 2490 εὐχόμεθ’
1144 2395 1238 2470 εἶναι.
1276 2395 1446 2468 εὐθυδικία

245 2520 323 2596 apud
345 2519 575 2583 Demosthenem
598 2524 698 2583 exstat
742 2512 823 2584 αἰών
844 2549 887 2572 =
909 2538 1027 2595 aarum
1050 2521 1093 2584 aio
1116 2536 1230 2599 qnoque
1252 2517 1403 2580 Homerus.

330 2630 389 2693 VII
413 2631 474 2694 160
497 2632 553 2709 (=
578 2632 637 2695 101
661 2632 717 2711 Β.).

330 2736 491 2824 πολέμοις
511 2743 604 2805 forma
626 2745 724 2806 dorioa
744 2746 861 2823 propter
875 2744 974 2824 σᾶμα,
997 2745 1074 2823 quod
1097 2744 1199 2806 eodem
1221 2759 1308 2804 versu
1330 2740 1445 2820 legitur.

245 2853 366 2915 minime
388 2856 439 2916 eat.
474 2855 596 2917 Formae
619 2855 697 2917 euim
719 2857 842 2928 domnae,
865 2856 993 2934 quaein
1016 2856 1234 2935 epigrammatis
1257 2851 1444 2914 Anaereoutie

247 2967 358 3026 exstare
390 2967 534 3042 diduntur,
563 2967 620 3029 hoo
641 2985 699 3029 uno
723 2969 840 3046 exeepto
863 2967 918 3042 (VI
942 2965 1023 3042 135),
1054 2967 1107 3028 ubi
1136 2966 1281 3044 genuinae
1311 2981 1361 3025 eae
1383 2979 1445 3024 oeae

245 3076 305 3137 iam
327 3076 463 3152 vidimus,
486 3096 586 3140 omnee
608 3079 645 3140 ad
667 3079 830 3141 soritarum
852 3077 1031 3156 eorruptelae
1052 3078 1182 3150 redeunt,
1214 3093 1282 3137 nam
1304 3091 1444 3136 nonnum-

245 3203 334 3265 quam
356 3189 470 3267 integra
491 3206 607 3268 quoque
628 3189 720 3251 forma
742 3190 838 3251 ionioa
867 3191 947 3250 iuxta
968 3189 1099 3252 traditur.
1144 3186 1337 3251 Soribendnm
1358 3185 1445 3265 igitur

248 3300 293 3358 eat
315 3293 452 3380 πολέμῳ
473 3317 525 3378 pro
547 3294 716 3381 πολέμοις,
739 3318 814 3380 quae
837 3301 935 3363 brevia
958 3300 1047 3362 dativi
1068 3300 1161 3360 forma
1182 3297 1237 3360 hoo
1258 3315 1362 3360 versuo
1387 3296 1444 3358 looo

245 3425 301 3469 non
324 3410 494 3472 admittitur.
533 3411 575 3472 cf.
598 3413 618 3472 1
637 3411 675 3474 53
703 3405 850 3496 Τυδεΐδη,
873 3406 952 3495 περὶ
973 3405 1032 3492 μὲν
1053 3403 1190 3491 πολέμῳ
1213 3400 1261 3471 ἔνι
1290 3400 1443 3488 καρτερὸς

246 3511 321 3581 ἐσσί
329 3540 335 3593 ;
359 3521 462 3583 deinde
478 3540 545 3584 oum
560 3522 687 3603 Bergkio
709 3525 881 3586 mutandum
896 3526 940 3586 eet
961 3516 1117 3605 καρτερὸς
1132 3508 1169 3602 ἦν
1184 3511 1232 3600 (ἐν
1247 3518 1284 3599 Ρ)
1300 3512 1443 3599 πολέμῳ,
1521 3571 1522 3586 ,

245 3631 366 3694 verbum
390 3633 467 3694 enim
482 3635 670 3695 desideratur.
685 3667 728 3678 —
750 3634 893 3696 Similiter
909 3635 981 3696 dixit
995 3632 1100 3696 Aeaoh.
1114 3632 1148 3694 ir.
1168 3630 1228 3693 100
1251 3618 1327 3692 ἀλλ’
1341 3621 1444 3712 ’Ἁρης

245 3739 337 3824 φιλεῖ
359 3732 410 3805 ἀεὶ
431 3735 472 3805 ια’
495 3740 605 3827 λῷστα
633 3740 758 3820 παντὸς
780 3739 905 3827 ἐξαμᾶν
926 3743 1075 3830 στρατοῦ.
1119 3743 1293 3806 Anacreonti
1315 3758 1375 3802 non
1396 3740 1444 3801 ab·

245 3849 380 3917 iudioem.

330 3966 392 4029 226
415 3964 470 4047 (=
493 3967 554 4030 100
577 3967 633 4046 Β.).

330 4077 521 4156 Epigramma
543 4081 595 4152 eet,
626 4081 702 4159 quod
734 4080 804 4142 ieoit
831 4083 917 4158 poeta
937 4080 1102 4160 Agathonio
1123 4082 1280 4144 Abderitae
1311 4077 1444 4140 manibus

245 4205 297 4266 pro
321 4189 435 4251 civibus
456 4190 487 4251 in
509 4189 619 4268 proelio
642 4193 740 4253 oontra
754 4189 881 4252 'I'hraoee
902 4192 1017 4253 mortui.
1060 4191 1180 4254 Poetam
1202 4190 1335 4253 Abderae
1357 4188 1445 4250 tuisse

247 4316 314 4360 oum
346 4301 483 4362 traditum
514 4303 553 4363 eit
584 4301 634 4378 (of.
657 4301 736 4364 Suid.
758 4321 781 4364 a.
803 4303 852 4379 u),
881 4304 971 4366 verba
1000 4292 1090 4364 πᾶσ’
1114 4295 1172 4365 ἐπὶ
1201 4299 1362 4386 πυρκαϊῆς
1391 4288 1444 4387 ἥδ’

245 4403 363 4494 ἐβόησε
385 4404 484 4485 πόλις
506 4413 582 4474 hano
605 4416 664 4475 vim
685 4431 780 4476 nonne
802 4413 920 4493 habeut,
942 4417 976 4477 ut
997 4432 1033 4477 ex
1053 4415 1092 4477 iia
1112 4417 1226 4494 poetam
1247 4416 1346 4493 iprum
1367 4417 1397 4476 et
1416 4413 1448 4474 in
