3078 5108
590 329 803 394 ,37-

91 524 214 602 proelio,
235 525 266 586 iu
288 542 345 605 qno
368 527 475 590 virtute
498 527 635 589 omnibus
657 528 822 605 praestabat
845 527 1021 608 aequalibus
1043 527 1187 608 Agathan,
1217 533 1245 591 et
1266 530 1297 590 iu

91 635 301 700 lamentatione
322 637 439 700 funebri
453 637 583 701 adfuisse
605 656 743 719 apparere
758 639 913 703 videatmi
946 639 1118 702 Leontionea
1132 639 1297 702 homerioae

90 749 123 808 in
146 747 202 810 hoe
224 764 341 828 quoqne
363 750 573 829 epigrammate
595 753 723 814 redeunt.
747 743 890 836 πνρκαϊή
913 752 949 814 de
971 769 1041 830 rogo
1064 753 1173 814 dietum
1188 752 1297 839 legitur

90 861 129 921 H
151 859 212 922 428
235 853 267 923 οἱ
290 855 327 922 δὲ
357 859 466 944 σιωπῑ
489 858 620 944 νεκροὺς
646 858 810 946 πυρκαϊῆς
839 854 1008 947 ἐπινήνεον
1039 851 1208 943 ἀχνύμενοι
1227 865 1296 948 κῆρ.

90 971 226 1035 Pendere
249 989 316 1034 enm
337 975 375 1034 ab
391 974 472 1053 epioe
488 990 622 1036 sermone
636 973 826 1037 manifestum
842 975 887 1036 eet
906 975 1052 1053 imprimis
1073 976 1105 1037 in
1119 975 1167 1036 hie
1182 976 1296 1037 verbio:

89 1074 204 1145 οίίτινα
224 1078 285 1165 γάρ
307 1077 433 1146 τοιόνδε
456 1079 535 1147 νέων
557 1076 575 1146 ὁ
598 1077 916 1169 φιλαίματος’Ἀρης
939 1075 1105 1169 ίμάρισενε
1127 1085 1162 1147 oi.
1184 1085 1214 1147 Ε
1232 1085 1295 1147 844

88 1189 149 1256 τάν
169 1188 230 1275 μὲν
241 1186 348 1278 ’Ἀρης
369 1186 494 1279 ἐνάριζε
508 1187 694 1278 μιαιφόνος.
710 1189 910 1279 φιλαίματος
934 1195 983 1258 bie
997 1198 1123 1275 primurn
1139 1199 1295 1262 inuenitur.

91 1306 135 1369 Of.
157 1306 263 1368 Aeeeh.
292 1305 369 1385 Sept.
393 1307 433 1368 45
455 1297 545 1392 ’‘App
566 1296 601 1370 τ’
629 1297 722 1370 Ἐνοώ
751 1302 808 1372 καί
838 1300 1038 1391 φιλαίματον
1074 1301 1192 1390 Φόβον,
1225 1310 1295 1372 Har.

88 1417 200 1480 Phoen.
225 1417 286 1480 174
307 1417 364 1502 γῆς
386 1411 582 1501 φιλαίματοι
603 1412 685 1504 ῥοαί,
715 1419 804 1482 Rhea.
827 1419 889 1482 eat
910 1412 968 1482 καί
990 1408 1026 1480 e'
1050 1410 1137 1503 άμφί
1157 1416 1214 1505 γῆν
1235 1416 1296 1503 μὲν

89 1521 237 1610 πατρίαν
258 1522 479 1613 φιλαιμάτους
501 1531 558 1607 (aia
580 1531 648 1593 libri
670 1534 762 1610 reete)
784 1521 887 1605 άλκάς
915 1521 1106 1609 κορύσσοντ’
1130 1521 1188 1602 οὐκ
1209 1526 1294 1594 ἐδεί-

86 1659 207 1721 μαινον
229 1640 357 1702 θανεῖν.
394 1643 546 1704 Anacreon
562 1646 660 1705 antem
675 1661 743 1704 eum
758 1643 867 1705 dieeret
889 1635 923 1704 ἐν
944 1633 1158 1725 στροφάλιγγι
1180 1635 1294 1725 μάχης,

86 1752 250 1814 Homerum
276 1753 394 1832 quidem
416 1753 448 1815 in
471 1753 610 1816 vocabulo
632 1745 836 1837 στροφάλιμξ
858 1756 992 1828 reantur,
1015 1755 1066 1815 aed
1081 1771 1148 1815 oum
1170 1753 1294 1833 pnlohra

85 1863 242 1925 loentienia
254 1864 464 1927 immutatione.
486 1863 564 1926 Nam
578 1866 656 1944 apud
671 1864 756 1926 illum
773 1856 976 1948 στροφάλιγξ
991 1865 1026 1927 de
1040 1864 1170 1944 pulveris
1181 1867 1293 1927 tautum

85 1976 197 2037 vortiee
229 1977 346 2056 ponitur
366 1976 416 2053 (of.
444 1978 476 2038 Φ
498 1975 568 2050 503,
590 1977 629 2038 Π
648 1976 719 2050 775,
740 1996 767 2036 ω
790 1975 855 2053 39),
883 1977 934 2056 qni
964 1977 1157 2055 pugnantium
1177 1978 1294 2039 turbam

85 2088 139 2149 ant
161 2089 290 2149 eeeieum
314 2087 502 2150 oueumrelot
523 2089 554 2150 vi
576 2091 703 2168 eorporis
717 2090 828 2150 ruentis
851 2087 958 2150 elatus:
979 2089 1130 2150 Aneereon
1146 2091 1243 2150 autem
1259 2089 1294 2150 de

82 2217 186 2278 pugna
208 2200 287 2274 dioit
309 2200 340 2261 in
362 2217 420 2279 qua
438 2198 485 2261 rel
499 2199 559 2262 huo
573 2201 621 2262 vel
643 2199 715 2262 illue
730 2201 820 2261 armis
836 2202 1012 2262 eoneurrunt
1033 2201 1061 2261 et
1083 2199 1293 2261 eonfliotautur.

86 2301 225 2394 στυγερή
245 2310 412 2372 nominatur
423 2302 518 2394 μάχη,
535 2313 568 2373 ut
582 2303 729 2392 abiegnos
744 2305 895 2392 στομορός
910 2310 943 2372 Δ
958 2309 1019 2372 240
1039 2313 1071 2371 Τ
1081 2309 1151 2371 230.
1173 2309 1293 2372 Homeri

85 2423 181 2500 igitur
202 2423 335 2501 vestigiis
351 2439 418 2484 enm
439 2422 507 2502 plue
529 2440 617 2502 quam
639 2422 729 2484 aamel
743 2423 775 2482 in
791 2422 1010 2501 epigrammatis
1031 2423 1166 2483 iuaiatere
1182 2424 1293 2484 nonant

86 2533 141 2610 (ef.
163 2533 201 2594 ad
223 2532 264 2594 VI
289 2532 357 2595 187.
376 2532 443 2596 141.
460 2533 545 2612 846),
567 2533 618 2596 hie
640 2552 707 2597 eum
729 2533 863 2596 libertate
886 2535 1012 2613 quadam
1036 2533 1099 2594 eine
1121 2536 1292 2595 sectatorem

84 2663 156 2706 eum
189 2662 253 2707 eeae
284 2646 426 2707 videmus.
460 2664 486 2708 v.
510 2645 527 2706 1
554 2635 725 2730 Ἀβδήρων
754 2637 983 2727 προθανόνται
1011 2663 1078 2707 eum
1107 2644 1163 2706 hae
1191 2646 1220 2706 ri
1242 2645 1292 2707 hio

82 2757 215 2836 primum
229 2755 338 2835 legitur
352 2748 592 2841 προθνήσκειν;
615 2757 651 2820 ef.
666 2757 736 2820 Eur.
751 2756 867 2819 Hereel.
883 2756 945 2819 590
969 2748 1159 2838 προάθανον
1172 2749 1291 2836 μένους,

82 2868 147 2930 Ala.
161 2867 222 2930 683
236 2858 273 2930 οὗ
283 2861 344 2952 γάρ
354 2865 509 2952 πατρῷον
523 2864 611 2930 τόνδ’
627 2862 786 2952 ἐδεξάμην
800 2858 909 2949 νόμον,
921 2860 1052 2930 παίδων
1064 2859 1291 2951 πρσθνίσκειν

85 2973 245 3063 πατέρας,
268 2968 338 3042 οὐδ’
356 2971 540 3063 Ἑλληνικόν
562 2971 815 3064 (ὕπερθνὴσκειν
831 2979 907 3058 682)
931 2981 959 3042 et
981 2997 1007 3041 v.
1029 2979 1100 3042 383.
1124 2980 1194 3043 620.
1218 2979 1290 3043 710.

82 3080 232 3171 άινοβίης
255 3093 456 3171 (oompooitnm
479 3109 514 3154 ex
535 3083 627 3166 αίνός
649 3095 678 3154 et
697 3084 774 3174 βίη),
805 3091 971 3156 uehementi
999 3092 1102 3154 robore
1132 3094 1289 3171 praeditus,

83 3195 268 3284 πολεμικός
289 3203 335 3278 (ef.
352 3202 431 3264 Suid.
454 3223 478 3267 e.
500 3195 660 3284 αίνοβίας)
683 3202 738 3265 hoe
758 3205 872 3266 butum
885 3201 949 3264 loeo
971 3204 1125 3266 invenitur.
1156 3203 1290 3284 Denique

84 3315 175 3376 etiam
196 3313 278 3394 βοᾶν
299 3306 373 3376 τινά
393 3314 564 3404 tonationis.
578 3314 607 3377 h.
623 3331 646 3378 e.
666 3314 828 3388 lamentari,
851 3315 988 3393 eoaqueri
1010 3313 1136 3376 alieuiua
1158 3317 1289 3390 mortem,

82 3427 317 3488 vetustissimum
346 3425 512 3506 exemplum
545 3425 595 3488 bie
626 3429 725 3488 motat.
768 3424 847 3488 Nam
875 3426 954 3504 apud
984 3426 1144 3488 Homerum
1173 3429 1224 3488 ent
1244 3428 1290 3487 in-

82 3538 236 3600 transitive
258 3539 424 3616 usurpatur,
444 3540 496 3600 aut
525 3555 591 3600 oum
623 3537 790 3599 aeeueativo
818 3535 980 3599 adverbiali
1003 3536 1190 3616 oouiungitur
1211 3538 1290 3600 velut

82 3643 195 3732 μακρά
224 3645 315 3728 βοάν.
367 3649 409 3712 Of.
441 3647 487 3712 So.
518 3648 563 3710 ul.
594 3647 665 3720 802.
693 3647 763 3712 Hur.
791 3647 891 3710 Trea&
923 3647 981 3719 28,
1011 3649 1045 3711 A.
1074 3648 1107 3710 Ρ.
1139 3649 1196 3710 VII
1226 3647 1287 3711 486

83 3750 265 3843 (Ἅνάτηςμ
304 3751 449 3822 πολλάκι
480 3749 564 3843 τῷδ>
595 3748 759 3843 ὀλοφυδνά
787 3752 887 3841 κόρας
920 3754 980 3822 ε’πί
1011 3753 1133 3842 σάματι
1164 3751 1288 3821 Κλείνα

83 3863 191 3955 μάτηρ
213 3860 381 3956 ὠκύμορον
403 3860 502 3933 παῖδ’
527 3863 644 3952 ἒβόασε
667 3863 778 3956 φίλαν.
810 3903 853 3916 -
887 3873 949 3934 Hoe
978 3873 1076 3934 autem
1107 3873 1289 3951 epigramma

85 4003 158 4047 num
180 3985 247 4064 quie
268 3984 459 4046 Anaereontis
482 4001 547 4046 eaee
568 3984 711 4063 negabit?

171 4094 233 4156 aea
257 4095 312 4172 (=
337 4095 396 4156 113
419 4094 475 4173 a).

170 4207 277 4269 Kaibel
307 4206 376 4284 (Stil
399 4225 428 4268 n.
450 4206 520 4268 Text
541 4207 569 4268 d.
596 4195 712 4290 Ἀθην.
735 4202 811 4269 πολ.
834 4225 862 4286 p.
888 4204 945 4266 131
970 4207 1034 4267 adu.
1057 4204 1090 4283 3)
1112 4207 1288 4267 Anacreonti

85 4319 266 4383 abindioavit
279 4320 397 4398 pmpter
411 4310 574 4399 πατρίδος
588 4307 662 4402 α’ίης
675 4316 851 4381 locutionem
865 4317 1052 4381 hemerioem
1067 4317 1124 4380 Sed
1138 4316 1195 4379 hae
1209 4319 1241 4378 in
1255 4335 1287 4380 re

86 4450 144 4496 non
159 4430 340 4493 offendemus
354 4448 448 4510 neque
462 4431 493 4492 in
509 4447 549 4504 eo,
565 4431 641 4510 quod
656 4448 743 4492 verau
756 4431 885 4510 proximo
902 4429 1011 4510 legitur
1026 4421 1133 4492 Νότου
1148 4421 1286 4490 λαίλαπι
