3078 5108
567 375 782 440 ...49-

78 551 236 624 02012r3
259 582 300 642 με
322 552 396 644 μάλ’
422 557 592 647 αἰνοπαθῆ
620 560 769 644 μαλακὸν
798 561 877 646 περὶ
910 562 1007 646 κῶμα
1036 558 1191 648 κάλυψεν.
1237 567 1280 631 01.

14 649 18 716 Ι
77 650 177 708 Anaer.
201 647 236 711 fr.
259 647 299 710 36
322 641 513 711 αἰνοπαθεά
536 640 671 731 πατρίδ’
697 643 882 733 ἐπόψομαι.
1058 645 1062 656 ’

159 725 284 817 αἰχμή]
321 734 354 794 sr.
385 733 425 794 31
457 728 679 813 δακρυόεσσαν
709 725 741 796 τ’
774 729 927 820 ἐφίλησεν
956 729 1083 820 αἰχμήν.
1128 736 1280 798 Hermann

77 818 169 896 (elem.
191 821 280 880 δορυ.
302 823 383 880 meir
408 819 484 897 423)
515 824 647 899 oomponi
677 823 766 883 verba
796 822 860 883 urolt
890 841 957 884 oum
987 821 1035 883 his
1057 822 1175 894 Lnoilii‚
1205 839 1280 902 quae

77 906 187 964 exstant
213 907 291 983 apud
313 904 419 982 Porph.
441 908 478 966 ad
500 907 569 967 Hor.
601 911 654 969 aet.
676 907 692 968 I
715 908 742 979 2,
759 907 815 968 68:
845 927 867 970 σ
889 907 950 970 levi
972 906 1133 971 ῑαανυικσε
1154 911 1281 971 meane

77 987 231 1070 ubsteryei
251 991 359 1052 omina
376 993 434 1064 (sio
460 992 635 1066 Hermann),
664 993 706 1053 ita
734 996 768 1054 ut
797 995 939 1055 obseoena
969 992 1047 1054 diota
1077 995 1144 1054 sint.
1189 995 1281 1056 Gnius

77 1077 248 1136 sententiam
270 1094 327 1136 non
349 1094 462 1154 sequor.
499 1078 565 1139 Alio
589 1081 666 1138 enim
688 1078 751 1139 looo
767 1078 815 1154 (ir.
831 1079 885 1156 10)
900 1081 985 1157 poeta
1001 1080 1073 1140 dioit
1093 1067 1282 1161 ἀρσόλοπος

74 1154 132 1238 μέν
153 1152 261 1243 ’Ἀρης
291 1157 382 1244 φιλεῖ
404 1155 580 1244 μεναίχμην
602 1157 676 1243 (μέν
703 1156 824 1244 αἰχμάν
846 1164 930 1226 libri:
961 1159 1141 1244 μεναίχμαν
1166 1162 1280 1244 Bergk)

75 1245 101 1304 h.
125 1263 147 1306 e.
170 1241 314 1326 μένοντα
335 1241 370 1308 έν
391 1244 431 1330 τῇ
453 1241 562 1333 αἰχμῇ,
589 1250 621 1310 iu
642 1250 752 1328 proelio
775 1253 1018 1327 perseverantem,
1049 1250 1280 1327 oonstanteml).

76 1332 218 1393 Similiter
240 1334 312 1393 diait
333 1331 478 1394 Pindarus
498 1334 530 1394 P.
553 1334 628 1395 VIII
643 1333 684 1395 40
707 1330 935 1416 παρμένοντας
957 1328 1068 1420 αἰχμᾷ,
1091 1336 1142 1396 ubi
1166 1337 1282 1397 dativus

73 1416 196 1478 looalem
213 1420 273 1478 vim
296 1419 392 1479 habet.
436 1419 467 1479 Is
481 1421 580 1498 igitur,
603 1421 653 1498 qui
668 1421 703 1482 ir.
720 1419 769 1492 94,
785 1421 803 1480 2
827 1422 899 1482 dieii
913 1412 1059 1502 πόλεμον
1074 1413 1279 1502 δακρυόεντα,

77 1519 171 1564 nonne
186 1504 230 1564 sie
242 1521 357 1582 quoquo
371 1503 547 1566 locutionem
561 1507 718 1566 immutare
733 1508 827 1585 potuit
841 1499 1063 1586 δακρυόεσσαν
1079 1552 1086 1566 .
1101 1554 1107 1568 .
1121 1498 1281 1589 oizparis?

74 1587 315 1650 vetustissimum
337 1588 391 1649 hoe
422 1593 466 1650 est
499 1591 664 1669 exemplum
692 1591 851 1653 translatae
879 1592 961 1653 illius
991 1591 1126 1653 rooabuli
1147 1591 1281 1664 notionis,

73 1674 148 1750 quod
171 1676 251 1752 apud
272 1674 432 1735 Homerum
455 1677 491 1736 de
514 1678 634 1754 ouspide
657 1676 758 1738 hastae
788 1681 840 1738 aut
870 1679 906 1739 de
929 1677 1014 1739 hasta
1034 1680 1148 1740 tantum
1170 1679 1200 1738 iu
1223 1694 1281 1738 usu

74 1763 123 1832 est,
146 1762 277 1821 attamen
299 1778 357 1821 non
370 1760 506 1821 tornavit
527 1765 611 1840 poeta
626 1761 703 1822 hane
717 1762 900 1836 loeutionem,
923 1765 983 1836 sad,
1006 1764 1037 1823 id
1059 1765 1136 1842 qnod
1158 1763 1281 1823 dubium

75 1861 136 1905 asse
157 1845 235 1906 mibi
256 1863 314 1906 non
348 1847 469 1918 videtur,
504 1849 581 1908 eerte
612 1849 783 1926 antiquioris
812 1851 950 1927 temporis
984 1851 1028 1910 est
1057 1853 1085 1910 et
1118 1849 1281 1909 carminum

74 1931 223 2007 epicorum
245 1931 422 2009 apolloornm
445 1949 519 2010 qnae
550 1934 686 1994 dieantur
715 1935 832 2011 propria
854 1937 906 1996 est.
948 1935 994 1996 De
1016 1933 1202 2011 metaphorae
1223 1951 1281 1994 usu

73 2018 148 2092 apud
172 2019 273 2093 poetas
294 2018 422 2094 tragioos
444 2020 608 2079 aoouratiua
630 2021 691 2096 egit
705 2018 899 2080 Wilamowiia
921 2021 959 2081 εδ
980 2020 1050 2082 Hur.
1072 2020 1142 2080 Her.
1167 2018 1236 2080 158.

154 2095 407 2184 ἁλιπόρφυρος]
430 2102 465 2164 V.
487 2105 542 2164 sub
565 2097 763 2186 πορφύρεος.

158 2178 354 2269 ἀμφίπολος
457 2185 590 2272 κελέβην
612 2183 729 2266 ἔχουσα
753 2189 800 2270 (fr.
817 2189 879 2267 32).
924 2190 999 2250 Item
1021 2191 1099 2267 apud
1120 2188 1281 2249 Homerum

73 2272 210 2334 feminini
226 2277 338 2334 tantum
354 2275 472 2350 generis
496 2279 540 2335 est
562 2279 590 2336 et
611 2276 689 2352 apud
705 2275 883 2336 Herodotum
899 2273 944 2354 (II
962 2273 1031 2347 131,
1053 2275 1080 2334 V
1095 2274 1145 2346 92,
1167 2274 1210 2335 IX
1225 2270 1280 2353 76)

72 2364 99 2416 et
120 2359 202 2435 apud
225 2358 438 2437 Hippooratom.

157 2433 318 2523 ἄμωμος]
355 2447 438 2523 Apud
459 2445 620 2506 Homerum
641 2445 758 2525 μῶμος
779 2447 898 2525 quidem
921 2448 949 2505 et
969 2438 1144 2525 μοιμέομαι
1169 2446 1282 2505 exstant

72 2533 98 2588 et
130 2518 311 2610 ἀμώμητος
339 2529 432 2591 semel
460 2531 609 2592 invenitur
630 2530 689 2608 (M
709 2528 799 2611 109);
829 2547 881 2608 pro
910 2522 1047 2610 ἀμωμος
1078 2532 1176 2590 autem
1208 2529 1283 2592 solat

71 2615 170 2676 dioere
193 2606 340 2694 ἀμύμων,
364 2633 439 2694 quae
461 2615 553 2676 forma
574 2616 685 2678 aeoliea
707 2621 758 2677 est.
792 2615 924 2678 Primum
946 2616 1082 2677 adhibuit
1105 2615 1280 2677 vocabulum

72 2700 221 2762 Hesiodus
242 2699 294 2761 Th.
318 2700 379 2762 259
402 2694 485 2785 φυήν
506 2691 541 2761 τ)
564 2696 661 2783 ἑρατί
683 2697 741 2763 καί
761 2689 852 2775 εἶδος
880 2691 1026 2781 ἀμιυμος,
1056 2703 1161 2764 Anaor.
1183 2700 1217 2760 tr.
1240 2699 1281 2761 48

73 2778 209 2869 ἁπαλῆς
228 2778 333 2869 κόμης
354 2778 491 2866 ἀμωμον
512 2775 626 2864 ἀνδος,
649 2786 755 2848 Aesoh.
777 2786 858 2849 Pers.
882 2787 942 2848 185
966 2779 1024 2850 δόο
1044 2785 1176 2865 γυναῖκε
1199 2831 1281 2847 ....

69 2863 186 2932 κοίλλει
202 2861 234 2932 τ’
252 2863 388 2954 ἀμώμιμ.
411 2872 447 2933 In
462 2890 547 2950 prosa
561 2889 675 2974 quoque
690 2875 818 2934 oratione
832 2875 980 2934 ineemtur
993 2874 1071 2951 apud
1086 2872 1155 2933 Hes.
1171 2872 1203 2934 II
1220 2871 1281 2932 177

285 2950 446 3104 leli
459 2949 700 3121 υκκκκι
727 2948 861 3121 ουν
1025 2956 1085 3038 <¹11
1110 2956 1150 3017 ⁸²

158 3063 346 3212 ἀηόήμεροςλ
379 3119 499 3213 ἥμερος
521 3131 649 3206 genuina
665 3147 732 3190 oum
746 3131 776 3189 vi
792 3129 903 3190 dietum
919 3129 955 3190 δε
970 3127 1149 3188 animalibus
1165 3128 1282 3188 domitIs

70 3215 168 3275 semel
191 3217 340 3276 iuvenitur
361 3217 439 3293 apud
461 3215 621 3276 Homerum
644 3217 680 3276 δε
702 3232 804 3275 ansere
826 3233 844 3275 ο
869 3213 938 3286 161,
961 3215 997 3273 δα
1019 3214 1171 3275 arboribus
1194 3212 1282 3273 eultis

70 3300 151 3379 apud
176 3301 357 3362 Herodotum
380 3300 436 3381 (IV
452 3301 501 3372 21,
525 3300 597 3361 VIII
615 3300 692 3372 115;
713 3292 834 3385 ἡμέρης
856 3292 966 3382 ἐλαίης
986 3298 1014 3358 V
1037 3298 1100 3377 82).
1131 3301 1283 3359 Anaeroon

73 3403 141 3446 eum
166 3385 294 3446 Dianam
318 3385 505 3463 Magnetibus
535 3388 689 3463 propitiam
721 3387 763 3446 alo
795 3385 954 3462 alloquitur
975 3381 1024 3462 (fr.
1048 3383 1075 3456 1,
1091 3379 1139 3462 7):
1163 3373 1200 3444 οἰ
1221 3378 1282 3464 μάρ

70 3460 255 3554 ἀνημέρους
277 3464 465 3551 ποιμαίνεις
488 3464 658 3556 πολιήτας,
684 3473 772 3543 aives,
795 3474 844 3550 qni
866 3473 897 3530 in
918 3471 991 3531 urbe
1013 3487 1066 3530 sua
1083 3472 1174 3530 eertas
1197 3469 1283 3530 aedes

142 3710 171 3768 7)
189 3707 231 3754 sio
249 3708 405 3756 scribendum
423 3709 477 3757 erit.
507 3707 578 3766 Quod
595 3709 685 3767 legitur
702 3709 771 3758 Pani.
790 3707 834 3756 Sil.
853 3709 882 3754 Δ.
896 3707 922 3753 P.
937 3707 969 3753 v1
982 3710 1050 3764 84,5
1068 3703 1134 3774 χειρὶ
1146 3703 1283 3771 μεναίχμρ,

70 3781 155 3824 utrum
175 3776 207 3823 ad
227 3773 370 3842 μεναίχμης
388 3792 419 3822 an
437 3779 467 3823 κδ
488 3777 626 3844 μίναιχμος
637 3778 721 3824 redeat
739 3778 870 3826 incertum.
894 3778 989 3823 Nomen
1003 3772 1151 3842 Μέναιχμος
1168 3776 1284 3833 frequens

70 3851 117 3894 est.
130 3831 175 3880 ¹-
192 3845 232 3890 De
249 3853 328 3891 metro
346 3847 395 3905 egit
414 3846 496 3906 Heph.
516 3861 539 3905 p.
559 3850 589 3894 51
606 3845 659 3897 W.=
679 3841 778 3904 ἔνδοξόν
791 3841 902 3895 ἐστικαὶ
921 3839 1082 3894 insulsiores
1100 3839 1144 3893 καὶ
1160 3837 1188 3893 τὸ
1202 3843 1283 3894 banse·

70 3907 220 3976 δημιμερὲς
236 3908 265 3964 τδ
286 3909 499 3998 ληκιαμιολοηικδν
524 3907 685 3976 καλούμενον,
704 3905 764 3976 ὅπερ
777 3909 845 3963 ἐστὶν
863 3909 894 3962 ἐκ
911 3911 1064 3964 δακτυλικοῠ
1080 3908 1288 3991 πενθημιμεροδς

68 3977 114 4031 καὶ
128 3979 252 4046 ἰαμβικοῦ
272 3996 316 4032 του
329 3980 394 4043 ἴσου,
413 3998 434 4045 ῳ
453 3979 577 4049 κέχρηται
589 3977 634 4046 μὲν
647 3979 691 4032 καὶ
702 3973 821 4038 Ἀλκαῖος
839 3977 864 4030 ἐν
883 3971 988 4046 ᾅσματι,
1007 3969 1038 4030 etl
1053 3973 1072 4043 ἡ
1091 3972 1283 4045 ἀρχη(1ο.94)·

70 4037 89 4112 η’
106 4043 129 4112 ῥ’
150 4045 189 4098 ἔτι
201 4047 335 4115 Διννομένῃ
352 4046 496 4116 (Δυναμένη
510 4051 541 4108 Δ)
562 4051 599 4112 τῷ
617 4049 666 4114 (roi
679 4052 711 4111 Δ)
729 4043 876 4132 Τυρρακηω
893 4041 916 4098 τ’
934 4041 1031 4112 ἄρμενα
1050 4043 1151 4112 λαμπροὶ
1171 4039 1239 4097 κέατ’
1258 4043 1284 4098 ἐν

70 4109 208 4198 μυροινῄω
227 4113 250 4183 (i
269 4116 394 4184 μυρσίννῳ
406 4120 428 4164 Δ
441 4124 468 4165 nt
480 4115 597 4182 videtur).
610 4116 732 4184 κέχρηται
744 4113 773 4170 δὲ
786 4113 831 4167 καὶ
854 4113 988 4178 Ανακρέων
1002 4113 1027 4165 ἐν
1038 4114 1147 4168 πλείοσιν
1161 4105 1283 4183 ᾅσμασιν,

69 4180 101 4235 “ο’.
122 4204 152 4248 μ.
181 4169 210 4234 λ
228 4200 256 4250 φ.
277 4179 313 4249 μ.’
332 4184 358 4250 (l.
378 4185 419 4252 α).
455 4187 504 4234 Sed
523 4189 586 4235 laisa
612 4195 648 4234 est
672 4186 863 4247 Hephaestionle
887 4185 1020 4248 disIIneti0‚
1045 4201 1102 4232 num
1126 4186 1174 4232 hoo
1202 4185 1283 4244 potius

70 4283 125 4319 esse
146 4276 252 4318 matrum
271 4271 355 4319 Alcaei
375 4285 462 4319 versus
479 4273 582 4320 docente
599 4305 620 4315 -
630 4287 653 4315 υ
661 4287 685 4316 υ
694 4306 715 4316 ..
725 4287 747 4314 υ
756 4286 780 4316 υ
789 4304 810 4314 -
819 4303 840 4314 -
855 4271 859 4335 Ι
874 4303 894 4314 ..
901 4285 924 4314 υ
933 4304 954 4314 ..
964 4301 993 4316 -.
1016 4271 1090 4330 apud
1103 4271 1283 4318 anacreontem

69 4354 111 4420 (tr.
131 4352 245 4420 10-14)
256 4363 336 4403 autem
351 4357 411 4403 haee
429 4363 523 4404 tantm
535 4357 614 4404 forma
626 4358 765 4404 invenitur:
782 4390 802 4399 ..
811 4371 834 4400 υ
842 4371 865 4400 υ
876 4390 895 4398 -
903 4370 926 4400 υ
936 4371 959 4400 υ
969 4389 990 4400 ..
999 4370 1022 4399 υ
1032 4387 1052 4398 ..
1062 4370 1085 4399 υ
1095 4387 1115 4398 ..
1126 4360 1160 4416 Ξ,
1178 4359 1206 4403 ut
1217 4353 1283 4402 idam

71 4435 185 4472 metrum
204 4438 258 4472 esee
278 4439 326 4470 non
345 4429 450 4486 constet,
468 4427 534 4486 quod
553 4427 661 4473 lonioum
678 4427 760 4486 potius
777 4440 832 4474 esse
849 4426 957 4474 videtur.

1062 4511 1083 4567 4
