3078 5108
586 363 776 425 ..3-

78 559 247 637 Olympium
271 559 473 620 celebrandam
496 562 639 638 evocatur,
672 560 776 620 deinde
806 575 872 620 eum
896 559 1076 620 Anacreonte
1108 561 1136 618 et
1156 556 1283 616 Pindaro

75 671 129 747 (or.
153 671 178 730 V
195 670 242 747 3):
266 661 373 746 ἔχαιρε
394 665 455 749 μὲν
472 658 658 751 Ἀνακρέων
679 662 726 742 εἷς
742 660 974 748 Πολυκράτους
997 661 1211 746 στελλόμενος
1226 662 1284 728 τὸν

77 775 179 862 μέγαν
216 772 419 848 Ξάνθιππον
451 775 772 862 προσφθέγξασθαι·
810 773 868 863 ἡδὺ
904 770 938 840 d’
962 769 1000 862 ἦν
1036 774 1093 840 καί
1125 771 1284 858 Πινδάρῳ

80 891 277 974 προσειπεῖν
308 887 376 971 πρὸ
397 892 454 952 τοῦ
477 885 562 964 Διὸς
583 886 641 953 τὸν
657 883 797 970 Ἱέρωνα,
830 909 897 952 cum
927 890 1074 964 Alcmene,
1106 893 1154 970 qui
1185 891 1283 952 loram

76 1003 226 1080 Lycaeum
260 1003 459 1064 celebraturus
492 1003 613 1081 Spartae
647 1005 675 1063 et
708 1002 819 1064 (iastori
852 1008 880 1063 et
911 1001 1025 1062 Polluci
1060 1019 1176 1063 carmen
1208 1001 1284 1061 facit.

78 1114 237 1189 Quaeritur
258 1115 327 1193 quid
352 1132 385 1175 ex
400 1115 456 1174 hae
471 1115 594 1175 uerbosa
615 1115 763 1192 sophistae
779 1113 987 1175 declamatione
1003 1113 1174 1174 concludere
1190 1113 1286 1172 lieeet.

77 1225 123 1286 De
146 1226 295 1286 Alcmanis
318 1227 429 1286 duobus
446 1226 625 1286 carminibus
648 1243 711 1286 esse
736 1226 922 1302 cogitandum
937 1227 1063 1303 apparet,
1085 1226 1115 1284 in
1138 1223 1286 1285 Simonide

82 1337 184 1397 eadem
207 1354 254 1397 res
277 1338 340 1408 erit,
367 1353 546 1415 ¹quamquam
576 1338 682 1396 certius
716 1335 827 1414 aliquid
862 1337 898 1396 da
931 1353 965 1396 ea
998 1336 1055 1396 diei
1086 1353 1144 1395 non
1165 1337 1285 1412 poterit;

81 1446 203 1508 Pindari
225 1446 268 1508 Ol.
291 1448 307 1508 l
329 1447 493 1508 Himerium
515 1449 622 1508 intueri
638 1446 776 1508 Welcher
796 1464 969 1526 persuasum
984 1446 1073 1508 habet
1096 1445 1156 1525 (Hi.
1171 1445 1286 1507 schal

80 1557 165 1631 253),
198 1559 287 1620 verba
309 1561 405 1619 eutem
428 1549 535 1639 έμαιρε
564 1591 603 1600 -
634 1553 940 1640 προσφοέγξασθαι
965 1557 1117 1618 referenda
1152 1574 1215 1617 esse
1248 1557 1284 1616 ad

78 1670 272 1730 Anacreontis
295 1667 595 1747 carmen-Polycratis
616 1667 719 1730 leudes
742 1671 900 1740 continens,
925 1671 1008 1730 cuins
1032 1671 1062 1728 in
1075 1669 1188 1728 exordio
1204 1671 1289 1746 poete

80 1779 282 1858 Xanthippum
315 1779 463 1841 allocutus
487 1782 526 1840 sit
558 1779 606 1859 (ei.
631 1783 724 1853 enirn,
757 1798 831 1859 quae
863 1781 898 1842 de
932 1773 1144 1860 στελλόμενος
1177 1780 1286 1841 ibidem

79 1889 221 1952 Welcher
243 1891 336 1968 dixit).
382 1891 504 1952 German
526 1893 618 1968 igitur
647 1909 710 1952 esse
734 1893 855 1964 videtur,
886 1892 961 1970 quod
992 1893 1022 1950 in
1046 1890 1159 1968 tyranni
1182 1891 1288 1950 mortui

79 2003 253 2062 memoriam
283 2001 360 2074 lecit,
392 2018 458 2062 cum
472 1991 475 1997 ’
489 2000 619 2062 Athenas
649 2019 712 2078 sese
743 2001 920 2063 contulisset.
964 1999 1068 2079 Neque
1099 2003 1129 2061 id
1157 2004 1289 2062 constare

82 2115 180 2190 potest
202 2129 236 2172 ex
258 2111 318 2173 illis
340 2114 447 2185 verbis,
470 2114 547 2191 quod
564 2111 698 2174 Wclolrcr
719 2111 812 2174 uoluit
834 2112 867 2187 (l.
891 2131 922 2182 c..
945 2116 973 2174 et
994 2115 1044 2191 qui
1069 2128 1134 2173 cum
1158 2114 1290 2190 sequitur

82 2224 207 2284 Orusius
228 2222 247 2282 l.
271 2242 293 2284 c.
317 2241 343 2301 p.
368 2223 474 2302 2038),
504 2226 714 2285 Anacreontem
737 2225 795 2284 iam
819 2227 886 2284 ante
907 2221 1069 2302 Polycratis
1092 2227 1213 2284 mortem
1236 2241 1289 2301 per

79 2333 202 2412 aliquod
224 2338 340 2411 tempus
363 2334 487 2395 Athenis
509 2335 600 2395 fuisse
630 2335 757 2413 indeque
780 2333 900 2395 Samum
932 2336 1094 2396 revertisse.
1138 2336 1177 2395 At
1199 2334 1288 2394 huius

78 2446 241 2506 testimonii
262 2444 351 2505 fidem
379 2447 411 2505 in
444 2446 563 2507 dubium
586 2451 670 2506 vocat
698 2445 891 2506 Wilamowitr
914 2444 986 2525 (iud.
1008 2444 1074 2506 lect.
1098 2445 1172 2505 Goth.
1197 2443 1290 2518 1889,

78 2575 108 2634 p.
134 2556 198 2631 22),
221 2558 272 2634 qui
294 2551 351 2617 τὸν
375 2549 683 2638 §crotonicorum
704 2574 755 2634 pro
772 2549 1160 2637 rdvpre‘ychoivtirrrrrov
1182 2573 1288 2634 ponere

81 2666 156 2728 vult.
201 2666 258 2728 Sed
280 2667 492 2746 proconsulem,
515 2670 550 2729 ad
567 2686 653 2750 quem
670 2671 827 2730 orationem
851 2669 946 2742 habet,
970 2685 1036 2730 cum
1059 2668 1185 2747 hlegista
1199 2685 1289 2745 puero

79 2777 234 2839 Himerius
256 2796 325 2839 num
350 2795 515 2856 comparare
537 2779 650 2856 potnit?
673 2778 776 2858 Neque
799 2797 886 2841 causa
909 2798 973 2841 esse
995 2780 1069 2840 mihi
1092 2781 1213 2853 videtur,
1237 2797 1289 2840 our

80 2887 265 2950 offendamus
287 2891 318 2949 in
341 2907 382 2962 ec,
405 2891 481 2969 quod
504 2890 655 2951 Himerius
678 2907 817 2969 magnum
842 2909 907 2952 eum
938 2883 1070 2952 nominat
1089 2891 1288 2968 Xanthippum

79 2997 173 3080 (certe
196 3001 226 3059 in
241 3001 359 3060 modum
375 3000 572 3078 sophistarum
589 3001 798 3079 grandiloquos
813 3002 1048 3062 demonstrationi
1072 3000 1288 3079 indulgentium

79 3111 236 3172 veritatem
254 3110 412 3188 diligenter
425 3130 481 3172 non
498 3113 639 3188 servans),
662 3129 838 3192 quamquam
853 3115 968 3191 poetam
989 3114 1021 3173 in
1044 3131 1077 3174 eo
1093 3114 1229 3184 carmine,
1252 3111 1289 3171 ad

54 3221 159 3300 'quod
181 3219 232 3282 illa
254 3223 380 3299 respicit,
402 3221 600 3301 Xanthippum
623 3224 760 3284 iuvenem
782 3222 938 3286 allocutum
964 3241 1028 3285 esse
1049 3227 1165 3301 tempus
1186 3224 1289 3283 docere

79 3333 208 3394 videtur.
251 3331 309 3393 Sed
332 3333 387 3394 hoc
408 3351 465 3394 non
487 3351 578 3394 unum
602 3338 646 3395 est
660 3337 849 3395 Anacreontis
865 3351 990 3408 carmen,
1013 3337 1097 3396 cuius
1110 3335 1194 3395 testis
1209 3333 1290 3394 solus

76 3446 126 3504 est
148 3442 307 3504 Himerius.
339 3445 374 3504 Iu
397 3447 534 3506 orationis
549 3447 651 3506 tertiae
665 3447 748 3508 initio
763 3444 907 3507 Basiliam
930 3448 974 3507 sic
996 3445 1166 3524 alloquitur:
1184 3442 1289 3532 (χαῖρε

77 3546 181 3637 φίλον
204 3545 289 3636 φάος
308 3546 450 3636 χαρίεντι
480 3551 626 3635 perdicio
648 3549 807 3636 (μειδιάον
828 3556 861 3634 l.)
885 3546 1076 3639 rspoow'rrqr'.
1106 3550 1205 3636 μέλος
1227 3547 1288 3635 γάρ

79 3685 116 3726 τι
138 3658 249 3742 λαβών
271 3657 307 3725 ἐκ
329 3665 386 3749 τῆς
407 3658 505 3747 λύρας
526 3659 575 3739 εἰς
597 3661 654 3750 σὴν
677 3660 854 3749 ἐπιδημίαν
882 3661 1105 3751 προσοίσομαι,
1135 3711 1288 3730 .......

76 3766 175 3856 ὀλίγα
213 3769 447 3858 παρακαλέσας
484 3771 541 3860 τὴν
579 3770 712 3858 ποίησιν
748 3771 862 3839 δοῦναί
896 3772 955 3859 μοί
987 3799 1019 3840 τι
1050 3773 1150 3860 μέλος
1189 3770 1287 3867 Τήιον

78 3878 215 3969 (ταύτην
229 3881 290 3969 γάρ
307 3884 394 3969 φιλῶ
409 3882 466 3970 τίν
480 3885 629 3968 μοῦσαν),
647 3882 683 3950 ἐκ
698 3888 744 3950 τιῖ
745 3909 762 3948 ν
778 3879 958 3951 ἀποθέτων
970 3887 1036 3951 τῶν
1052 3879 1289 3969 Ἀνακρέοντος

79 3991 200 4060 τοίτίν
222 4015 275 4060 σοι
299 3993 407 4082 φέρων
429 3994 486 4058 τὸν
507 3992 606 4080 ὕμνον
628 3991 773 4080 ἔρχομαι,
795 3994 853 4060 καί
872 4021 904 4061 τι
926 3996 983 4062 καὶ
1005 3990 1103 4074 αὐτὸς
1124 3994 1288 4084 προσθείς

74 4109 127 4192 uqi
160 4101 300 4192 ᾄσματι·
325 4095 367 4170 ‘ci
400 4101 487 4192 φάος
513 4101 668 4194 Ἑλλήνων
701 4105 756 4170 καὶ
787 4107 851 4172 τῶν
885 4102 957 4173 ὅσοι
990 4104 1168 4186 Παλλάδος
1202 4103 1288 4193 ἱερὸν

75 4212 229 4282 δάπεδον
251 4211 420 4282 Μουσάων
441 4209 474 4281 τ’
499 4209 583 4303 disq
604 4211 788 4301 νεμόμοθα’
813 4267 895 4284 ....
918 4222 1030 4285 Ultima
1053 4223 1125 4284 haec
1147 4223 1287 4285 κοτίνοιο)

73 4332 215 4394 Himerio
236 4333 427 4394 Anacreontis
449 4333 546 4394 uerbis
563 4333 662 4394 addito
678 4351 741 4394 esse
764 4335 854 4412 vides,
878 4351 945 4396 nam
963 4351 1038 4412 qnae
1061 4335 1132 4396 dicit
1154 4320 1179 4394 ὦ
1202 4327 1289 4417 φάος

77 4433 234 4527 Ελλήνων
256 4438 323 4505 κτλ.
347 4445 469 4504 verbose
491 4443 672 4521 amplificant
686 4447 788 4520 poetae
802 4463 920 4506 uersum
937 4462 1023 4525 quem
1047 4449 1077 4506 in
1092 4447 1175 4506 initio
1191 4447 1291 4524 posuit

1038 4551 1052 4605 1
1064 4545 1081 4584 ὴ
