3036 5104
579 347 814 412 -101-

90 535 236 642 Βειρλδσε
274 553 447 614 persuasum
489 535 588 602 habet.
643 537 684 599 Oi.
721 537 812 601 schol.
850 539 899 601 Ar.
928 537 1006 600 Plnt.
1038 537 1135 599 1002:
1171 529 1296 620 εἴρηται

91 617 167 707 δὲη
198 615 361 705 παροιμία
394 615 453 684 ἐπὶ
482 622 547 683 τῶν
576 616 737 708 πρότερον
768 617 829 704 μὲν
861 611 1143 704 εόδαιμονσόντων,
1174 623 1228 684 νῦν
1258 619 1295 686 δὲ

90 699 363 786 anazarbeorum
386 725 417 769 re
439 709 506 770 vide
529 710 617 772 etiam
638 709 673 772 Ε.
687 709 796 788 Meyer,
820 707 925 772 Gesch.
948 712 975 772 d.
1001 708 1104 772 Altert.
1120 710 1159 782 11,
1182 708 1199 790 ᾖ
1223 709 1295 774 389.

176 793 221 856 De
243 795 356 856 duobus
378 795 548 872 proverbiis,
570 813 646 872 quae
661 797 725 858 sino
739 798 841 874 poetae
856 796 973 856 nomine
988 797 1103 858 serrata
1121 797 1295 866 Anacreonti

89 880 191 943 tribuit
212 880 342 954 Orosius,
364 897 452 959 supra
472 897 502 958 p.
525 881 551 941 1.
575 882 603 955 2,
627 882 644 942 1
668 881 727 942 iam
750 882 807 960 egi.

174 965 362 1044 Metaphorao
390 983 444 1044 per
472 968 563 1027 totum
595 984 713 1028 carmen
741 968 922 1028 continuatae
952 965 1118 1045 exemplum
1140 967 1216 1028 inter
1237 965 1296 1027 alia

89 1053 278 1114 Anacreontis
310 1069 424 1130 quoque
458 1068 576 1113 carmen
607 1052 695 1114 affert
727 1051 900 1114 Heraclides
930 1051 1070 1113 Ponticus
1092 1051 1193 1130 (alleg.
1215 1052 1293 1115 hom.

90 1137 275 1216 hMehler):
307 1131 363 1198 καί
390 1127 493 1240 μηνδ
526 1129 625 1222 Τήιος
649 1127 836 1219 Ἀνακρέων
865 1127 1027 1221 ἑταιρικόν
1059 1130 1208 1220 φρόνημα
1238 1132 1295 1199 καί

90 1222 234 1305 σοβαρῶς
255 1217 404 1303 γυναικός
425 1216 651 1306 υπερηφανίαν
677 1213 845 1300 ὀνειδίζων
865 1218 923 1288 τδν
952 1217 986 1285 ἕν
1009 1212 1092 1322 αὐτῇ
1113 1222 1294 1305 σκιρτῶντα

89 1306 162 1372 νοῶν
184 1301 230 1383 ὡς
252 1307 361 1371 ἵππον
381 1299 602 1394 ηλληγόρησεν,
638 1301 721 1370 οὕτω
751 1304 1130 1390 λέγων(1τ.75)·πωλε
1159 1302 1294 1392 Θρηικίη

87 1392 156 1457 κτλ.
194 1397 269 1458 Item
291 1394 488 1474 metaphorice
509 1395 739 1475 intellegendum
762 1398 813 1469 est,
836 1395 913 1474 quod
935 1397 1019 1474 poeta
1040 1412 1138 1457 amore
1158 1395 1293 1473 perfusus

89 1483 124 1544 de
146 1499 179 1544 se
207 1482 271 1560 ipso
293 1498 311 1542 a
332 1481 468 1542 Leucade
495 1481 527 1542 iu
555 1499 635 1544 mare
665 1481 811 1544 desilienti
834 1482 905 1543 dicit
926 1481 960 1542 ir.
985 1481 1031 1543 19.
1076 1480 1121 1544 Do
1142 1481 1178 1545 fr.
1202 1480 1242 1542 38
1265 1483 1295 1543 et

91 1567 131 1630 47
154 1585 243 1646 supra
264 1568 324 1627 iam
346 1569 401 1646 egi.

171 1738 281 1812 Restat,
302 1739 336 1798 ut
358 1754 401 1816 ea,
423 1753 499 1815 quae
521 1738 558 1798 de
579 1737 770 1799 Anacreontis
800 1737 882 1816 copia
904 1738 1060 1799 verborum
1083 1738 1206 1800 dicenda
1228 1756 1292 1800 esse

88 1824 164 1886 mihi
186 1825 249 1886 risa
271 1825 347 1896 sunt,
368 1824 471 1902 paucis
493 1841 570 1885 nune
593 1821 779 1903 complectar.

172 1911 214 1972 Ao
236 1910 365 1988 primum
386 1910 505 1988 quidem
526 1909 605 1988 apud
620 1927 686 1970 eum
701 1909 889 1970 inveniuntur
904 1907 1044 1970 voeabula
1060 1909 1135 1986 epici
1149 1909 1292 1970 sermonis

86 1998 210 2075 propria,
232 2013 306 2075 quae
329 2012 395 2056 cum
416 1997 518 2074 poetae
547 2012 582 2057 ex
611 1995 706 2074 ipsius
737 1993 860 2056 dialecto
881 1998 949 2056 nota
978 2012 1035 2055 non
1058 1996 1162 2067 essent,
1184 1995 1240 2056 hae
1260 1996 1292 2055 in

84 2099 116 2143 re
146 2081 227 2142 illius
263 2082 434 2142 sectatorem
472 2097 540 2142 eum
572 2097 637 2142 esse
669 2082 790 2143 constat.
833 2080 914 2141 Inter
956 2096 991 2140 ea
1024 2081 1180 2158 praecipue
1213 2098 1292 2141 aom-

85 2167 306 2230 memorandum
328 2169 373 2228 est
393 2166 516 2228 verbum
538 2165 723 2247 γουνοῦμαι.
758 2166 834 2244 quod
856 2183 908 2227 cur
929 2166 960 2226 in
981 2164 1089 2245 hymno
1111 2160 1252 2249 κληιικῷ
1274 2184 1291 2227 a

87 2255 173 2332 poeta
202 2253 329 2330 positum
360 2251 398 2314 sit
427 2249 471 2331 (1,
495 2253 530 2324 1;
553 2251 581 2325 2,
605 2251 638 2332 6)
670 2252 783 2313 ostendi
815 2247 868 2328 (ei.
890 2269 915 2314 s.
938 2247 995 2330 v.);
1024 2252 1056 2312 in
1077 2251 1171 2330 primo
1193 2254 1291 2313 autem

90 2340 219 2401 carmine
234 2339 384 2416 praeterea
398 2337 471 2399 haec
487 2354 601 2417 quoque
615 2336 758 2399 voeabula
772 2338 960 2398 inveniuntur
974 2338 1072 2416 epica:
1088 2329 1291 2420 ἐλαφηβόλος

90 2427 119 2486 et
139 2416 393 2507 θρασυκάρδιος.
438 2421 497 2484 Sed
518 2422 670 2485 locutionis
692 2423 778 2484 elatio
801 2424 829 2484 et
850 2423 952 2500 gratia,
974 2440 1062 2501 quam
1083 2426 1167 2502 poeta
1187 2425 1219 2483 in
1234 2423 1290 2484 hoe

89 2513 220 2572 carmine
242 2511 360 2588 spectat,
382 2527 440 2570 non
461 2508 557 2570 solum
580 2526 612 2570 eo
635 2508 767 2582 officitur,
789 2509 866 2586 quod
887 2507 1046 2570 Homerum
1067 2511 1129 2570 arte
1150 2510 1290 2588 sequitur,

89 2599 142 2658 sed
173 2612 240 2657 curn
273 2595 406 2656 libertate
437 2596 564 2674 quadam
597 2611 663 2656 eum
694 2596 838 2666 imitatur;
870 2588 1049 2655 δέσποιναν
1078 2591 1190 2677 θηρῶν
1212 2596 1289 2655 enim

84 2682 212 2744 Dianam
234 2681 364 2742 nominat
386 2677 425 2760 (r.
449 2679 491 2758 3),
523 2679 656 2742 vocabuli
685 2673 844 2741 δέσποινα
877 2681 907 2741 ri
934 2681 1094 2742 immutata
1138 2679 1290 2741 Summam

3 2839 4 2852 ρ
85 2770 178 2848 igitur
200 2761 363 2843 curam⁵4)
394 2767 425 2826 in
447 2766 502 2827 boo
523 2767 651 2827 carmine
674 2767 869 2844 componendo
890 2782 909 2826 a
929 2766 1016 2844 poeta
1038 2783 1103 2828 osse
1125 2765 1289 2827 adhibitam

3 2861 4 2930 i
85 2855 229 2917 videmus.
273 2851 429 2913 Praeterea
461 2851 534 2913 haec
566 2853 679 2913 esmant
711 2849 854 2913 voeabula
887 2852 984 2928 epioe:
1017 2843 1207 2935 αἰνοπαθής
1240 2851 1289 2924 36,

3 2971 4 2978 1
85 2930 317 3022 ἁλιπόρφυρος
341 2935 409 3011 138,
430 2925 647 3019 ἀργυρότοξος
664 2936 734 3009 110,
756 2926 926 3020 ἀστεμφής
941 2936 969 3009 ’1,
991 2928 1178 3018 γαλαθηνός
1194 2937 1242 2998 51.
1260 2937 1288 3010 2,

3 3077 4 3114 i
83 3017 201 3106 εἴλυμα
224 3024 274 3086 21.
297 3022 325 3093 4,
347 3015 494 3096 εόκτιτος
518 3022 566 3084 14.
589 3023 616 3096 5,
647 3014 848 3102 καλλίκομος
870 3022 918 3096 60,
947 3014 1051 3100 κόλαξ
1077 3022 1145 3094 150,
1172 3015 1289 3102 κρείων

3 3181 4 3190 2
85 3111 164 3184 111;
187 3112 215 3172 ot
236 3109 292 3170 hae
314 3108 488 3170 locutiones:
510 3100 657 3189 πόλεμον
678 3099 874 3191 δακρυόεντα
896 3107 945 3169 04.
962 3107 990 3181 2,
1012 3101 1165 3191 δυσηχέος
1190 3102 1288 3170 πολέ-

3 3233 4 3282 )
83 3216 161 3277 μσιο
187 3195 255 3268 107,
277 3187 440 3276 πατρίδος
461 3184 535 3276 α’ίης
556 3196 585 3256 et
606 3186 713 3257 Νότου
735 3186 875 3255 λαίλαπι
894 3188 1040 3278 χειμερίη
1064 3193 1131 3256 113.
1153 3194 1228 3256 Item
1250 3195 1288 3256 ad

85 3285 202 3361 epicum
225 3297 388 3342 sermonem
410 3279 651 3342 ιε1οιουδοεοιι1
672 3272 772 3363 αἰχμή
792 3278 949 3359 (debello)
974 3279 1023 3353 31,
1042 3271 1215 3362 ἐρίβρομος
1241 3279 1287 3354 11,

82 3361 189 3430 νείκεα
209 3362 266 3428 καί
289 3358 433 3445 πόλεμον
456 3365 505 3427 04.
528 3365 556 3426 2.
599 3365 698 3427 Verba
728 3367 756 3426 et
783 3365 950 3442 locutiones,
980 3382 1055 3444 quae
1084 3383 1152 3426 oum
1172 3367 1288 3427 notione

81 3457 132 3516 aut
154 3454 300 3514 structura
322 3451 358 3511 ab
375 3451 456 3529 spico
479 3468 611 3512 sermone
633 3453 810 3530 usurpantur
829 3453 857 3512 et
879 3469 914 3512 ee
934 3452 970 3512 <ie
993 3468 1081 3512 causa
1101 3467 1120 3511 a
1141 3467 1287 3529 mamma-

81 3541 149 3602 ticis
171 3555 285 3618 quoque
307 3537 454 3599 veteribus
485 3539 755 3610 commemorantur,
784 3536 858 3598 haee
880 3538 963 3598 sunt:
994 3530 1154 3599 δέσποινα
1174 3536 1287 3618 θηρῶν

86 3627 113 3688 1.
131 3625 162 3699 3,
184 3616 324 3685 θάλειαν
346 3613 457 3704 ἑορτήν
472 3621 522 3696 54,
543 3615 647 3704 κορέω
663 3621 713 3702 (de
727 3621 860 3702 homine)
877 3623 904 3695 5,
926 3615 1065 3696 κωτίλος
1089 3621 1157 3694 154,
1174 3616 1287 3701 νεβρόν

81 3705 241 3793 νεοθηλέα
263 3699 449 3791 γαλαθηνόν
472 3707 521 3782 51,
544 3699 676 3792 ῥαδινός
699 3707 769 3771 165.
799 3707 919 3770 Praeter
941 3725 975 3768 ea
996 3707 1196 3770 memorabilia
1218 3713 1286 3770 sunt

81 3797 156 3859 haee
179 3794 324 3873 exempla:
355 3785 400 3868 ὡς
421 3811 489 3855 eum
511 3795 649 3856 adverbio
679 3795 864 3854 coniunctum
887 3793 927 3854 05
957 3791 1044 3872 (haee
1066 3795 1158 3872 igitur
1179 3793 1285 3856 locutio
1333 3825 1337 3833 =

80 3901 139 3944 non
176 3883 279 3943 atticae
315 3883 428 3941 tantum
465 3879 586 3957 originis
624 3875 696 3960 est),
737 3871 849 3962 ὑψηλὰ
888 3873 1074 3962 νενοημένος
1110 3877 1159 3960 (de
1194 3881 1286 3940 animi

83 3965 237 4048 superbia)
262 3967 309 4038 10,
332 3955 453 4068 άργυρῆ
474 3956 586 4026 πειθώ
608 3963 657 4036 33,
687 3960 838 4046 γλυκεροῦ
867 3957 979 4043 βιότου
1003 3964 1103 4037 433,
1135 3966 1285 4048 στυγερῆς

79 4048 113 4116 ἐν
137 4045 351 4137 στροφάλιγγι
373 4071 479 4134 μαχης
503 4050 572 4112 100.
595 4050 623 4128 4,
645 4035 723 4131 εἷμα
743 4042 907 4130 βουλεύειν
931 4050 1000 4125 100,
1022 4042 1191 4134 ἱμερόεντα
1212 4044 1285 4130 βίον

82 4141 154 4203 112.
177 4139 204 4214 1,
227 4131 357 4221 ἱμερτὴν
376 4130 500 4220 ἡλικίην
523 4135 594 4199 113.
616 4135 646 4200 4.

96 4414 109 4459 7
148 4339 192 4470 5η)
213 4341 276 4390 Vide
305 4355 368 4401 quae
394 4341 424 4388 de
447 4339 494 4388 hoe
511 4339 649 4401 fragmento
667 4339 809 4402 nuperrime
827 4337 890 4388 dixit
907 4338 1073 4388 Wilamorrita
1091 4336 1186 4406 (Herm.
1205 4339 1278 4388 XXX

80 4417 91 4462 1
112 4415 137 4471 0,
158 4416 191 4459 3.
638 4437 641 4447 1
689 4439 693 4448 ·
