<?xml version="1.0" encoding="UTF-8"?>
<!DOCTYPE html PUBLIC "-//W3C//DTD XHTML 1.0 Transitional//EN"
    "http://www.w3.org/TR/xhtml1/DTD/xhtml1-transitional.dtd">
<html xmlns="http://www.w3.org/1999/xhtml" xml:lang="en" lang="en">
 <head>
  <title>
</title>
<meta http-equiv="Content-Type" content="text/html;charset=utf-8" />
  <meta name='ocr-system' content='tesseract 3.04.00' />
  <meta name='ocr-capabilities' content='ocr_page ocr_carea ocr_par ocr_line ocrx_word'/>
</head>
<body>
  <div class='ocr_page' id='page_1' title='image "./anacreontea00webegoog_0128.png"; bbox 0 0 3036 5104; ppageno 0'>
   <div class='ocr_carea' id='block_1_1' title="bbox 153 541 1318 638">
    <p class='ocr_par' dir='ltr' id='par_1_1' title="bbox 153 541 1318 638">
     <span class='ocr_line' id='line_1_1' title="bbox 153 541 1318 638; baseline -0.005 -17"><span class='ocrx_word' id='word_1_1' title='bbox 153 613 156 622; x_wconf 88' lang='lat'><em>.</em></span> <span class='ocrx_word' id='word_1_2' title='bbox 199 541 352 638; x_wconf 83' lang='lat' dir='ltr'><strong>Georgise</strong></span> <span class='ocrx_word' id='word_1_3' title='bbox 371 558 532 637; x_wconf 80' lang='lat' dir='ltr'><strong>Augustae</strong></span> <span class='ocrx_word' id='word_1_4' title='bbox 546 555 761 618; x_wconf 84' lang='lat' dir='ltr'><strong>universitatis</strong></span> <span class='ocrx_word' id='word_1_5' title='bbox 777 555 930 617; x_wconf 90' lang='lat' dir='ltr'><strong>desiderio</strong></span> <span class='ocrx_word' id='word_1_6' title='bbox 948 555 1056 635; x_wconf 84' lang='lat' dir='ltr'><strong>pulsus</strong></span> <span class='ocrx_word' id='word_1_7' title='bbox 1071 555 1173 617; x_wconf 87' lang='lat' dir='ltr'><strong>hieme</strong></span> <span class='ocrx_word' id='word_1_8' title='bbox 1193 555 1265 617; x_wconf 83' lang='lat' dir='ltr'><strong>anni</strong></span> <span class='ocrx_word' id='word_1_9' title='bbox 1277 557 1318 616; x_wconf 79' lang='lat'><strong>92</strong></span> 
     </span>
    </p>
   </div>
   <div class='ocr_carea' id='block_1_2' title="bbox 10 657 1319 842">
    <p class='ocr_par' dir='ltr' id='par_1_2' title="bbox 10 657 1319 842">
     <span class='ocr_line' id='line_1_2' title="bbox 10 657 1319 740; baseline -0.002 -18"><span class='ocrx_word' id='word_1_10' title='bbox 10 727 11 734; x_wconf 9' lang='grc' dir='ltr'>χ</span> <span class='ocrx_word' id='word_1_11' title='bbox 117 661 299 740; x_wconf 84' lang='lat' dir='ltr'><strong>Gottingem</strong></span> <span class='ocrx_word' id='word_1_12' title='bbox 321 660 427 740; x_wconf 68' lang='lat' dir='ltr'><strong>petivi,</strong></span> <span class='ocrx_word' id='word_1_13' title='bbox 449 668 484 722; x_wconf 90' lang='lat' dir='ltr'><strong>ut</strong></span> <span class='ocrx_word' id='word_1_14' title='bbox 506 660 553 721; x_wconf 91' lang='lat' dir='ltr'><strong>ibi</strong></span> <span class='ocrx_word' id='word_1_15' title='bbox 574 659 679 720; x_wconf 79' lang='lat' dir='ltr'><strong>studia</strong></span> <span class='ocrx_word' id='word_1_16' title='bbox 707 657 883 721; x_wconf 81' lang='lat' dir='ltr'><strong>academioe</strong></span> <span class='ocrx_word' id='word_1_17' title='bbox 907 658 1096 740; x_wconf 81' lang='lat' dir='ltr'><strong>perficerem.</strong></span> <span class='ocrx_word' id='word_1_18' title='bbox 1139 660 1319 722; x_wconf 86' lang='lat' dir='ltr'><strong>Doenerunt</strong></span> 
     </span>
     <span class='ocr_line' id='line_1_3' title="bbox 10 759 1319 842; baseline 0 -17"><span class='ocrx_word' id='word_1_19' title='bbox 10 798 18 842; x_wconf 57' lang='grc' dir='ltr'><strong>ῃ</strong></span> <span class='ocrx_word' id='word_1_20' title='bbox 115 772 167 825; x_wconf 86' lang='lat' dir='ltr'><strong>aut</strong></span> <span class='ocrx_word' id='word_1_21' title='bbox 198 765 311 826; x_wconf 79' lang='lat' dir='ltr'><strong>docent</strong></span> <span class='ocrx_word' id='word_1_22' title='bbox 339 784 388 825; x_wconf 92' lang='lat' dir='ltr'><strong>me</strong></span> <span class='ocrx_word' id='word_1_23' title='bbox 416 759 477 832; x_wconf 85' lang='lat' dir='ltr'><strong>viri</strong></span> <span class='ocrx_word' id='word_1_24' title='bbox 507 763 680 825; x_wconf 73' lang='lat' dir='ltr'><strong>doctissimi</strong></span> <span class='ocrx_word' id='word_1_25' title='bbox 708 762 946 842; x_wconf 79' lang='lat' dir='ltr'><strong>Gottingenses:</strong></span> <span class='ocrx_word' id='word_1_26' title='bbox 975 763 1152 842; x_wconf 83' lang='lat' dir='ltr'><strong>Beumenn,</strong></span> <span class='ocrx_word' id='word_1_27' title='bbox 1181 763 1319 842; x_wconf 87' lang='lat' dir='ltr'><strong>Dilthey,</strong></span> 
     </span>
    </p>
   </div>
   <div class='ocr_carea' id='block_1_3' title="bbox 112 865 1320 1461">
    <p class='ocr_par' dir='ltr' id='par_1_3' title="bbox 112 865 1320 1461">
     <span class='ocr_line' id='line_1_4' title="bbox 116 865 1319 947; baseline -0.002 -19"><span class='ocrx_word' id='word_1_28' title='bbox 116 867 246 947; x_wconf 67' lang='lat' dir='ltr'><strong>Getulis,</strong></span> <span class='ocrx_word' id='word_1_29' title='bbox 275 867 395 946; x_wconf 86' lang='lat' dir='ltr'><strong>Heyne‚</strong></span> <span class='ocrx_word' id='word_1_30' title='bbox 418 866 586 944; x_wconf 81' lang='lat' dir='ltr'><strong>Lehmann,</strong></span> <span class='ocrx_word' id='word_1_31' title='bbox 616 865 689 944; x_wconf 83' lang='lat' dir='ltr'><strong>Leo,</strong></span> <span class='ocrx_word' id='word_1_32' title='bbox 718 865 840 944; x_wconf 65' lang='lat' dir='ltr'><strong>Miller,</strong></span> <span class='ocrx_word' id='word_1_33' title='bbox 870 866 999 945; x_wconf 86' lang='lat' dir='ltr'><strong>Roethe,</strong></span> <span class='ocrx_word' id='word_1_34' title='bbox 1022 865 1153 946; x_wconf 81' lang='lat' dir='ltr'><strong>Sauppe,</strong></span> <span class='ocrx_word' id='word_1_35' title='bbox 1184 865 1319 927; x_wconf 92' lang='lat' dir='ltr'><strong>omnium</strong></span> 
     </span>
     <span class='ocr_line' id='line_1_5' title="bbox 114 968 1320 1049; baseline -0.002 -19"><span class='ocrx_word' id='word_1_36' title='bbox 114 971 226 1032; x_wconf 85' lang='lat' dir='ltr'><strong>aetatis</strong></span> <span class='ocrx_word' id='word_1_37' title='bbox 256 991 330 1032; x_wconf 85' lang='lat' dir='ltr'><strong>suae</strong></span> <span class='ocrx_word' id='word_1_38' title='bbox 352 969 578 1049; x_wconf 85' lang='lat' dir='ltr'><strong>philologorum</strong></span> <span class='ocrx_word' id='word_1_39' title='bbox 611 968 681 1047; x_wconf 86' lang='lat' dir='ltr'><strong>dux,</strong></span> <span class='ocrx_word' id='word_1_40' title='bbox 715 968 768 1045; x_wconf 88' lang='lat' dir='ltr'><strong>qni</strong></span> <span class='ocrx_word' id='word_1_41' title='bbox 798 968 893 1030; x_wconf 86' lang='lat' dir='ltr'><strong>viridi</strong></span> <span class='ocrx_word' id='word_1_42' title='bbox 924 974 1084 1030; x_wconf 78' lang='lat' dir='ltr'><strong>senectute</strong></span> <span class='ocrx_word' id='word_1_43' title='bbox 1112 969 1226 1031; x_wconf 87' lang='lat' dir='ltr'><strong>florens</strong></span> <span class='ocrx_word' id='word_1_44' title='bbox 1254 969 1320 1031; x_wconf 82' lang='lat' dir='ltr'><strong>vita</strong></span> 
     </span>
     <span class='ocr_line' id='line_1_6' title="bbox 114 1071 1319 1152; baseline -0.001 -19"><span class='ocrx_word' id='word_1_45' title='bbox 114 1073 279 1152; x_wconf 80' lang='lat' dir='ltr'><strong>decessit3·</strong></span> <span class='ocrx_word' id='word_1_46' title='bbox 294 1071 450 1150; x_wconf 88' lang='lat' dir='ltr'><strong>Weilend‚</strong></span> <span class='ocrx_word' id='word_1_47' title='bbox 481 1091 572 1149; x_wconf 86' lang='lat' dir='ltr'><strong>quem</strong></span> <span class='ocrx_word' id='word_1_48' title='bbox 602 1079 799 1151; x_wconf 80' lang='lat' dir='ltr'><strong>praemature</strong></span> <span class='ocrx_word' id='word_1_49' title='bbox 829 1079 927 1134; x_wconf 89' lang='lat' dir='ltr'><strong>morte</strong></span> <span class='ocrx_word' id='word_1_50' title='bbox 949 1071 1038 1134; x_wconf 90' lang='lat' dir='ltr'><strong>nobis</strong></span> <span class='ocrx_word' id='word_1_51' title='bbox 1066 1082 1205 1151; x_wconf 85' lang='lat' dir='ltr'><strong>ereptum</strong></span> <span class='ocrx_word' id='word_1_52' title='bbox 1227 1071 1319 1134; x_wconf 82' lang='lat' dir='ltr'><strong>valde</strong></span> 
     </span>
     <span class='ocr_line' id='line_1_7' title="bbox 112 1175 1319 1257; baseline -0.001 -21"><span class='ocrx_word' id='word_1_53' title='bbox 112 1177 269 1254; x_wconf 80' lang='lat' dir='ltr'><strong>lugemus3</strong></span> <span class='ocrx_word' id='word_1_54' title='bbox 303 1175 341 1238; x_wconf 89' lang='lat' dir='ltr'><strong>de</strong></span> <span class='ocrx_word' id='word_1_55' title='bbox 363 1177 580 1240; x_wconf 83' lang='lat' dir='ltr'><strong>Wilamowitz.</strong></span> <span class='ocrx_word' id='word_1_56' title='bbox 630 1176 724 1255; x_wconf 85' lang='lat' dir='ltr'><strong>Regii</strong></span> <span class='ocrx_word' id='word_1_57' title='bbox 753 1175 979 1257; x_wconf 88' lang='lat' dir='ltr'><strong>philologorum</strong></span> <span class='ocrx_word' id='word_1_58' title='bbox 1008 1177 1165 1238; x_wconf 80' lang='lat' dir='ltr'><strong>seminarii</strong></span> <span class='ocrx_word' id='word_1_59' title='bbox 1186 1197 1243 1257; x_wconf 89' lang='lat' dir='ltr'><strong>per</strong></span> <span class='ocrx_word' id='word_1_60' title='bbox 1263 1196 1319 1239; x_wconf 85' lang='lat' dir='ltr'><strong>sex</strong></span> 
     </span>
     <span class='ocr_line' id='line_1_8' title="bbox 113 1278 1318 1357; baseline -0.001 -18"><span class='ocrx_word' id='word_1_61' title='bbox 113 1299 235 1340; x_wconf 88' lang='lat' dir='ltr'><strong>menses</strong></span> <span class='ocrx_word' id='word_1_62' title='bbox 265 1279 381 1340; x_wconf 85' lang='lat' dir='ltr'><strong>sodalis</strong></span> <span class='ocrx_word' id='word_1_63' title='bbox 410 1278 456 1340; x_wconf 87' lang='lat' dir='ltr'><strong>fui</strong></span> <span class='ocrx_word' id='word_1_64' title='bbox 487 1279 669 1357; x_wconf 81' lang='lat' dir='ltr'><strong>ordinarius,</strong></span> <span class='ocrx_word' id='word_1_65' title='bbox 698 1279 867 1357; x_wconf 79' lang='lat' dir='ltr'>germanici</span> <span class='ocrx_word' id='word_1_66' title='bbox 896 1279 997 1341; x_wconf 87' lang='lat' dir='ltr'><strong>sdhuo</strong></span> <span class='ocrx_word' id='word_1_67' title='bbox 1026 1300 1110 1357; x_wconf 88' lang='lat' dir='ltr'><strong>sum;</strong></span> <span class='ocrx_word' id='word_1_68' title='bbox 1144 1279 1318 1341; x_wconf 75' lang='lat' dir='ltr'><strong>exercitati-</strong></span> 
     </span>
     <span class='ocr_line' id='line_1_9' title="bbox 114 1381 1318 1461; baseline 0.003 -20"><span class='ocrx_word' id='word_1_69' title='bbox 114 1381 225 1442; x_wconf 87' lang='lat' dir='ltr'><strong>onibus</strong></span> <span class='ocrx_word' id='word_1_70' title='bbox 248 1382 489 1461; x_wconf 83' lang='lat' dir='ltr'><strong>eroheeologioie</strong></span> <span class='ocrx_word' id='word_1_71' title='bbox 518 1388 550 1443; x_wconf 85' lang='lat' dir='ltr'><strong>et</strong></span> <span class='ocrx_word' id='word_1_72' title='bbox 578 1382 741 1444; x_wconf 86' lang='lat' dir='ltr'><strong>seminario</strong></span> <span class='ocrx_word' id='word_1_73' title='bbox 772 1381 881 1443; x_wconf 81' lang='lat' dir='ltr'><strong>Gurolo</strong></span> <span class='ocrx_word' id='word_1_74' title='bbox 903 1382 1033 1461; x_wconf 84' lang='lat' dir='ltr'><strong>Dilthey</strong></span> <span class='ocrx_word' id='word_1_75' title='bbox 1062 1390 1187 1444; x_wconf 80' lang='lat' dir='ltr'><strong>auctore</strong></span> <span class='ocrx_word' id='word_1_76' title='bbox 1217 1383 1318 1445; x_wconf 86' lang='lat' dir='ltr'><strong>denuo</strong></span> 
     </span>
    </p>
   </div>
   <div class='ocr_carea' id='block_1_4' title="bbox 1 1484 1319 1578">
    <p class='ocr_par' dir='ltr' id='par_1_4' title="bbox 1 1484 1319 1578">
     <span class='ocr_line' id='line_1_10' title="bbox 1 1484 1319 1578; baseline 0.003 -34"><span class='ocrx_word' id='word_1_77' title='bbox 1 1571 2 1578; x_wconf 8' lang='grc' dir='ltr'>ἵ</span> <span class='ocrx_word' id='word_1_78' title='bbox 114 1484 282 1547; x_wconf 77' lang='lat' dir='ltr'><strong>constituto</strong></span> <span class='ocrx_word' id='word_1_79' title='bbox 305 1506 362 1565; x_wconf 91' lang='lat' dir='ltr'><strong>per</strong></span> <span class='ocrx_word' id='word_1_80' title='bbox 383 1486 461 1547; x_wconf 87' lang='lat' dir='ltr'><strong>duos</strong></span> <span class='ocrx_word' id='word_1_81' title='bbox 492 1505 589 1546; x_wconf 82' lang='lat' dir='ltr'><strong>annos</strong></span> <span class='ocrx_word' id='word_1_82' title='bbox 616 1484 754 1563; x_wconf 85' lang='lat' dir='ltr'><strong>interfui,</strong></span> <span class='ocrx_word' id='word_1_83' title='bbox 783 1484 822 1545; x_wconf 85' lang='lat' dir='ltr'><strong>ed</strong></span> <span class='ocrx_word' id='word_1_84' title='bbox 853 1484 1090 1547; x_wconf 74' lang='lat' dir='ltr'><strong>exercitationes</strong></span> <span class='ocrx_word' id='word_1_85' title='bbox 1115 1486 1319 1566; x_wconf 78' lang='lat' dir='ltr'><strong>philologicos</strong></span> 
     </span>
    </p>
   </div>
   <div class='ocr_carea' id='block_1_5' title="bbox 114 1587 1319 1772">
    <p class='ocr_par' dir='ltr' id='par_1_5' title="bbox 114 1587 1319 1772">
     <span class='ocr_line' id='line_1_11' title="bbox 114 1587 1319 1669; baseline 0.003 -23"><span class='ocrx_word' id='word_1_86' title='bbox 114 1587 249 1665; x_wconf 88' lang='lat' dir='ltr'><strong>benigne</strong></span> <span class='ocrx_word' id='word_1_87' title='bbox 280 1588 398 1649; x_wconf 85' lang='lat' dir='ltr'><strong>aditum</strong></span> <span class='ocrx_word' id='word_1_88' title='bbox 429 1587 506 1648; x_wconf 92' lang='lat' dir='ltr'><strong>mihi</strong></span> <span class='ocrx_word' id='word_1_89' title='bbox 537 1588 690 1650; x_wconf 81' lang='lat' dir='ltr'><strong>concessit</strong></span> <span class='ocrx_word' id='word_1_90' title='bbox 727 1588 767 1650; x_wconf 89' lang='lat' dir='ltr'><strong>de</strong></span> <span class='ocrx_word' id='word_1_91' title='bbox 795 1587 1013 1650; x_wconf 83' lang='lat' dir='ltr'><strong>Wilamowitz.</strong></span> <span class='ocrx_word' id='word_1_92' title='bbox 1065 1588 1201 1662; x_wconf 80' lang='lat' dir='ltr'><strong>Quorum</strong></span> <span class='ocrx_word' id='word_1_93' title='bbox 1230 1609 1319 1669; x_wconf 83' lang='lat' dir='ltr'><strong>prae·</strong></span> 
     </span>
     <span class='ocr_line' id='line_1_12' title="bbox 115 1691 1319 1772; baseline 0.001 -21"><span class='ocrx_word' id='word_1_94' title='bbox 115 1696 282 1771; x_wconf 80' lang='lat' dir='ltr'><strong>ceptorum,</strong></span> <span class='ocrx_word' id='word_1_95' title='bbox 305 1692 359 1772; x_wconf 89' lang='lat' dir='ltr'><strong>qui</strong></span> <span class='ocrx_word' id='word_1_96' title='bbox 380 1691 485 1753; x_wconf 86' lang='lat' dir='ltr'><strong>studia</strong></span> <span class='ocrx_word' id='word_1_97' title='bbox 506 1711 574 1752; x_wconf 83' lang='lat' dir='ltr'><strong>mee</strong></span> <span class='ocrx_word' id='word_1_98' title='bbox 595 1691 753 1770; x_wconf 84' lang='lat' dir='ltr'><strong>regebant,</strong></span> <span class='ocrx_word' id='word_1_99' title='bbox 776 1691 911 1756; x_wconf 90' lang='lat' dir='ltr'><strong>omnium</strong></span> <span class='ocrx_word' id='word_1_100' title='bbox 931 1691 1165 1753; x_wconf 84' lang='lat' dir='ltr'><strong>benevolentiae</strong></span> <span class='ocrx_word' id='word_1_101' title='bbox 1187 1696 1319 1755; x_wconf 85' lang='lat' dir='ltr'><strong>mentem</strong></span> 
     </span>
    </p>
   </div>
   <div class='ocr_carea' id='block_1_6' title="bbox 1 1794 1319 1880">
    <p class='ocr_par' dir='ltr' id='par_1_6' title="bbox 1 1794 1319 1880">
     <span class='ocr_line' id='line_1_13' title="bbox 1 1794 1319 1880; baseline 0.002 -27"><span class='ocrx_word' id='word_1_102' title='bbox 1 1871 3 1880; x_wconf 71' lang='lat'>‚</span> <span class='ocrx_word' id='word_1_103' title='bbox 116 1813 237 1873; x_wconf 78' lang='lat' dir='ltr'><strong>semper</strong></span> <span class='ocrx_word' id='word_1_104' title='bbox 251 1814 416 1857; x_wconf 90' lang='lat' dir='ltr'><strong>memorem</strong></span> <span class='ocrx_word' id='word_1_105' title='bbox 430 1794 498 1857; x_wconf 88' lang='lat' dir='ltr'><strong>fore</strong></span> <span class='ocrx_word' id='word_1_106' title='bbox 519 1795 592 1870; x_wconf 84' lang='lat' dir='ltr'><strong>seio,</strong></span> <span class='ocrx_word' id='word_1_107' title='bbox 614 1798 777 1855; x_wconf 84' lang='lat' dir='ltr'><strong>maximam</strong></span> <span class='ocrx_word' id='word_1_108' title='bbox 793 1802 896 1856; x_wconf 84' lang='lat' dir='ltr'><strong>eutem</strong></span> <span class='ocrx_word' id='word_1_109' title='bbox 911 1795 1043 1874; x_wconf 80' lang='lat' dir='ltr'><strong>gretiam</strong></span> <span class='ocrx_word' id='word_1_110' title='bbox 1057 1795 1157 1857; x_wconf 79' lang='lat' dir='ltr'><strong>habeo</strong></span> <span class='ocrx_word' id='word_1_111' title='bbox 1172 1796 1319 1857; x_wconf 85' lang='lat' dir='ltr'><strong>Udalrioo</strong></span> 
     </span>
    </p>
   </div>
   <div class='ocr_carea' id='block_1_7' title="bbox 115 1895 1319 2082">
    <p class='ocr_par' dir='ltr' id='par_1_7' title="bbox 115 1895 1319 2082">
     <span class='ocr_line' id='line_1_14' title="bbox 116 1895 1319 1978; baseline 0.002 -22"><span class='ocrx_word' id='word_1_112' title='bbox 116 1895 155 1958; x_wconf 90' lang='lat' dir='ltr'><strong>de</strong></span> <span class='ocrx_word' id='word_1_113' title='bbox 174 1897 390 1976; x_wconf 82' lang='lat' dir='ltr'><strong>Wilamowitz,</strong></span> <span class='ocrx_word' id='word_1_114' title='bbox 412 1898 607 1978; x_wconf 84' lang='lat' dir='ltr'><strong>praeceptori</strong></span> <span class='ocrx_word' id='word_1_115' title='bbox 622 1896 801 1977; x_wconf 83' lang='lat' dir='ltr'><strong>venerabili,</strong></span> <span class='ocrx_word' id='word_1_116' title='bbox 825 1902 912 1960; x_wconf 87' lang='lat' dir='ltr'><strong>ouius</strong></span> <span class='ocrx_word' id='word_1_117' title='bbox 935 1918 1026 1959; x_wconf 82' lang='lat' dir='ltr'><strong>curae</strong></span> <span class='ocrx_word' id='word_1_118' title='bbox 1042 1918 1197 1975; x_wconf 80' lang='lat' dir='ltr'><strong>nunquam</strong></span> <span class='ocrx_word' id='word_1_119' title='bbox 1212 1897 1319 1960; x_wconf 90' lang='lat' dir='ltr'><strong>remis·</strong></span> 
     </span>
     <span class='ocr_line' id='line_1_15' title="bbox 115 1999 1319 2082; baseline 0.002 -22"><span class='ocrx_word' id='word_1_120' title='bbox 115 2019 168 2060; x_wconf 85' lang='lat' dir='ltr'><strong>see</strong></span> <span class='ocrx_word' id='word_1_121' title='bbox 191 2007 223 2061; x_wconf 91' lang='lat' dir='ltr'><strong>et</strong></span> <span class='ocrx_word' id='word_1_122' title='bbox 244 2001 421 2062; x_wconf 83' lang='lat' dir='ltr'><strong>adiumento</strong></span> <span class='ocrx_word' id='word_1_123' title='bbox 441 1999 596 2064; x_wconf 86' lang='lat' dir='ltr'><strong>indefesso</strong></span> <span class='ocrx_word' id='word_1_124' title='bbox 611 2001 668 2062; x_wconf 83' lang='lat' dir='ltr'><strong>hes</strong></span> <span class='ocrx_word' id='word_1_125' title='bbox 683 2001 835 2081; x_wconf 82' lang='lat' dir='ltr'><strong>primitias</strong></span> <span class='ocrx_word' id='word_1_126' title='bbox 850 2021 956 2063; x_wconf 76' lang='lat' dir='ltr'><strong>saeros</strong></span> <span class='ocrx_word' id='word_1_127' title='bbox 978 2021 1047 2063; x_wconf 88' lang='lat' dir='ltr'><strong>esse</strong></span> <span class='ocrx_word' id='word_1_128' title='bbox 1062 2001 1197 2064; x_wconf 80' lang='lat' dir='ltr'><strong>auctoris</strong></span> <span class='ocrx_word' id='word_1_129' title='bbox 1218 2001 1319 2082; x_wconf 81' lang='lat' dir='ltr'><strong>pietas</strong></span> 
     </span>
    </p>
   </div>
   <div class='ocr_carea' id='block_1_8' title="bbox 1 2101 220 2167">
    <p class='ocr_par' dir='ltr' id='par_1_8' title="bbox 1 2101 220 2167">
     <span class='ocr_line' id='line_1_16' title="bbox 1 2101 220 2167; baseline -0.005 -1"><span class='ocrx_word' id='word_1_130' title='bbox 1 2163 2 2166; x_wconf 74' lang='grc'>,</span> <span class='ocrx_word' id='word_1_131' title='bbox 113 2101 220 2167; x_wconf 87' lang='lat' dir='ltr'><strong>voluit.</strong></span> 
     </span>
    </p>
   </div>
   <div class='ocr_carea' id='block_1_9' title="bbox 318 4531 1119 4590">
    <p class='ocr_par' dir='ltr' id='par_1_9' title="bbox 318 4531 1119 4590">
     <span class='ocr_line' id='line_1_17' title="bbox 318 4531 1119 4590; baseline 0.004 -11"><span class='ocrx_word' id='word_1_132' title='bbox 318 4534 483 4580; x_wconf 57' lang='lat' dir='ltr'><strong>itommsnnmho</strong></span> <span class='ocrx_word' id='word_1_133' title='bbox 497 4534 651 4582; x_wconf 65' lang='lat' dir='ltr'><strong>euhemerus</strong></span> <span class='ocrx_word' id='word_1_134' title='bbox 665 4532 805 4590; x_wconf 76' lang='lat' dir='ltr'><strong>ssiormtnu</strong></span> <span class='ocrx_word' id='word_1_135' title='bbox 818 4531 910 4590; x_wconf 69' lang='lat' dir='ltr'><strong>rotro)</strong></span> <span class='ocrx_word' id='word_1_136' title='bbox 923 4541 945 4580; x_wconf 86' lang='lat' dir='ltr'><strong>tn</strong></span> <span class='ocrx_word' id='word_1_137' title='bbox 958 4532 1015 4583; x_wconf 73' lang='lat' dir='ltr'><strong>iens.</strong></span> <span class='ocrx_word' id='word_1_138' title='bbox 1029 4561 1055 4572; x_wconf 89' lang='lat'>-</span> <span class='ocrx_word' id='word_1_139' title='bbox 1069 4532 1119 4582; x_wconf 68' lang='lat'>1418</span> 
     </span>
    </p>
   </div>
   <div class='ocr_carea' id='block_1_10' title="bbox 0 0 1522 5104">
    <p class='ocr_par' dir='ltr' id='par_1_10' title="bbox 0 0 1522 5104">
     <span class='ocr_line' id='line_1_18' title="bbox 0 0 1522 5104; baseline 0 0"><span class='ocrx_word' id='word_1_140' title='bbox 0 0 1522 5104; x_wconf 95' lang='lat' dir='ltr'><strong> </strong></span> 
     </span>
    </p>
   </div>
  </div>
 </body>
</html>
