3036 5104
729 287 943 356 ..84-

230 479 419 542 nominantur
448 477 553 540 iratres
580 484 610 541 et
639 479 824 561 sorores43).
867 473 1077 563 κασίγνητος
1099 479 1191 558 igitur
1212 486 1256 541 est
1271 468 1388 540 ‘eadam
1410 479 1442 538 in

229 570 316 644 gente
348 578 443 638 natus,
477 555 733 645 consanguineus’.
777 567 840 628 Ηοο
870 569 968 628 autem
996 565 1167 629 venabulum
1200 582 1295 628 nonne
1321 565 1443 642 respieit

225 652 499 730 antiquissimorum
533 656 695 730 temporum
728 669 838 724 mores,
875 653 983 732 quibus
1019 652 1136 732 singulo
1168 654 1308 730 ouiusque
1340 651 1441 727 gentis

224 737 360 798 membra
391 738 446 798 sub
468 755 524 798 uno
554 740 629 798 teoto
661 740 758 800 vivere
780 738 1012 800 oonsueveruntl
1042 771 1084 782 —
1117 736 1258 798 Vocabuli
1280 737 1441 815 genuInam

114 859 116 868 ι
224 824 283 883 vim
309 824 464 901 postquam
487 822 712 900 enucleavimus,
735 824 888 885 rideamus
909 825 1054 902 postremo
1076 841 1190 902 quoque
1211 840 1286 901 quae
1315 823 1353 882 eit
1374 822 1442 882 eius

226 908 410 986 etymologia.
442 909 538 988 Atque
561 909 776 970 substantIvum
800 911 900 971 eodem
923 911 1006 970 modo
1029 913 1172 969 mutatum
1194 926 1258 970 esse
1281 925 1297 968 e
1318 900 1441 979 *κοῖτος

225 998 312 1072 atque
336 986 438 1068 πόσις
460 1011 476 1056 ο
498 985 622 1068 *πότις
644 997 799 1057 ostendunt
814 994 962 1066 voeabula,
986 1011 1060 1074 quoe
1081 993 1234 1056 Prellwitu.
1255 994 1274 1053 1,
1290 1012 1315 1056 ο.
1331 1012 1357 1070 p.
1375 991 1438 1053 140

227 1082 384 1141 exuetere
413 1079 516 1157 lingua
544 1081 674 1141 baetrIoa
708 1081 808 1142 affert:
838 1081 918 1142 Irata-
941 1069 1065 1168 ‘Hausss
1088 1081 1163 1142 kati·
1189 1067 1385 1167 ‘Hausherrff
1411 1080 1440 1138 et

226 1166 264 1226 ad
288 1166 411 1226 eandem
434 1165 555 1243 stirpem
584 1171 660 1227 oerte
690 1167 871 1228 retexendum
902 1167 946 1227 est
966 1165 1015 1226 lat.
1039 1161 1109 1228 oasa
1131 1165 1162 1240 (e
1184 1166 1267 1237 onita,
1290 1164 1386 1242 nassa)
1412 1166 1442 1224 et

224 1269 332 1312 nomeu
354 1251 502 1329 proprium
526 1253 653 1312 Cassius.
677 1252 718 1313 uf.
740 1251 804 1312 I'ao.
827 1271 893 1314 ann.
917 1252 959 1312 VI
983 1251 1041 1313 15:
1064 1252 1182 1314 Cassius
1204 1250 1313 1328 plebeii
1328 1249 1439 1310 Romae

226 1338 358 1414 generis,
381 1354 481 1398 verum
504 1339 617 1416 antiqui
641 1337 837 1416 honoratique.
913 1391 915 1396 .

313 1415 548 1503 κοταπτύστη,]
591 1422 720 1484 Verbum
745 1422 869 1502 simplex
891 1425 969 1502 apud
991 1423 1151 1484 Homerum
1174 1421 1303 1498 genuiue
1324 1422 1438 1480 tantum

226 1509 255 1569 ui
288 1510 445 1586 usurpatur
473 1506 521 1588 (ei.
550 1508 582 1568 Ψ
602 1508 662 1569 oet
696 1495 780 1590 αἷμα
813 1503 900 1586 παχδ
933 1502 1107 1587 πτύοντα);
1142 1506 1281 1568 translate
1311 1507 1439 1582 positum

226 1596 353 1672 primum
381 1595 528 1655 invenitur
565 1583 747 1655 ἆποπτύειν
776 1597 853 1701 apud
883 1595 1058 1657 Hesiodum:
1091 1613 1135 1672 op.
1159 1591 1221 1654 724
1243 1585 1327 1696 μηδέ
1358 1579 1435 1688 nor}

229 1675 266 1757 ἐξ
288 1668 365 1762 ionio
380 1673 439 1740 Διὶ
455 1674 602 1760 λειβέμεν
618 1671 751 1742 αἴθοπα
766 1701 855 1744 οινον
868 1674 979 1760 χερσὶν
994 1670 1183 1742 ἀνίπτοισιν
1204 1674 1269 1759 μηδ
1304 1667 1420 1738 δίλλοισ

228 1754 461 1826 ἀθανάτοισιν
485 1754 521 1826 οδ
544 1759 603 1847 γὰρ
628 1757 680 1826 τοί
699 1785 735 1846 γε
756 1759 915 1841 κλύουσιν,
938 1757 1149 1828 ἀποπτύουσι
1171 1759 1207 1825 δέ
1222 1753 1254 1824 τ’
1280 1752 1362 1843 ἆροίς
1376 1761 1436 1838 ⁴⁴).

226 1850 376 1912 Immolete
398 1867 512 1929 quoque
535 1856 612 1912 oerts
635 1855 678 1911 est
700 1853 838 1914 adieetivi
860 1844 1073 1935 καταπτύστη
1097 1853 1183 1923 notio,
1205 1867 1293 1928 quam
1315 1849 1436 1908 formam

228 1938 459 1999 Anaoreonteam
482 1936 529 2012 (tr.
554 1933 627 2016 152)
650 1936 755 1999 Pollux
778 1940 907 1999 nomInat
928 1939 959 2000 H
984 1937 1052 2000 103.
1097 1937 1140 2000 (it
1161 1935 1269 1998 Aesoh.
1293 1934 1378 1995 Eum.
1395 1931 1435 1993 68

231 2025 266 2083 de
296 2022 382 2083 surita
409 2013 442 2082 ol
476 2014 699 2084 κατάπτυστοι
729 2016 833 2104 κόραι,
865 2023 993 2102 Ohoeph.
1018 2023 1078 2085 616
1101 2022 1215 2101 γοᾶται
1239 2067 1248 2081 .
1272 2067 1279 2082 .
1305 2067 1312 2081 .
1334 2010 1434 2080 κατά-

230 2124 375 2170 πτυστον
398 2100 577 2188 (μισητύν);
609 2107 678 2169 Eur.
701 2108 744 2170 Tr.
771 2109 852 2170 1024
883 2096 1160 2171 ὦκατοίπτοστον
1183 2100 1278 2188 κοίρα.
1322 2103 1433 2166 Anaxil.

228 2196 306 2272 apud
335 2193 440 2254 Athon.
469 2192 542 2254 XIII
566 2193 669 2254 558a:
706 2191 762 2255 τυῖι
800 2188 1030 2258 καταπτύστου
1065 2189 1176 2275 γένους
1212 2191 1433 2273 (mereti-teum).

228 2281 315 2358 Apud
336 2281 545 2340 Anaoreontem
579 2297 692 2358 quoque
719 2282 790 2341 item
820 2283 856 2342 do
879 2281 930 2342 tali
963 2282 1071 2342 femina
1093 2282 1203 2342 dietum
1227 2297 1291 2340 esse
1313 2277 1431 2339 ridetur.

313 2356 514 2446 καταχύδην]
538 2364 570 2425 fr.
596 2364 644 2440 90,
668 2364 687 2425 3
711 2360 768 2427 σδν
790 2358 1006 2451 Ιαστροδιύρη
1027 2358 1269 2446 καταχύδηνλῡ)
1294 2356 1430 2424 πίνουσα

229 2445 285 2532 τὴν
308 2443 468 2526 ἐπίστιον,
493 2450 520 2511 h.
544 2469 566 2511 e.
590 2450 728 2528 poeulum
750 2470 843 2527 usque
872 2455 908 2514 ad
930 2453 1053 2514 fundum
1076 2452 1259 2513 exhaurIens.
1304 2446 1430 2526 Simplex
1504 2487 1505 2508 ι

230 2537 338 2615 Iegiiur
368 2554 434 2597 eum
457 2537 557 2597 eadem
580 2538 609 2598 vi
632 2536 719 2598 Leon.
742 2537 805 2599 Tar.
827 2542 861 2599 A.
883 2538 964 2599 Plan.
988 2538 1065 2600 306:
1084 2529 1318 2619 Ἀνακρείοντα
1338 2528 1431 2614 χύδην

234 2616 475 2701 σεσαλαχμένον
497 2611 585 2703 οἴνῳ.
610 2622 651 2685 of.
674 2621 748 2685 Plat.
771 2623 848 2702 legg.
872 2623 914 2686 IX
936 2623 997 2685 858
1005 2626 1033 2685 b.

316 2703 456 2787 κελέβη]
478 2709 654 2768 Anacreonti
668 2709 774 2787 ingens
788 2727 840 2769 ras
856 2712 907 2772 ost
922 2709 956 2770 fr.
973 2708 1030 2770 32:
1047 2697 1177 2791 ᾠνοχόει
1193 2696 1226 2768 δ’
1243 2697 1433 2788 ἀμφίπολος

230 2788 384 2875 μελιχρὸν
406 2781 503 2867 οἶνον,
525 2787 705 2874 τρικύαθον
727 2791 859 2878 κελέβην
874 2787 1000 2872 ἔχουσα,
1024 2796 1075 2856 ubi
1090 2811 1210 2855 uroeum
1225 2793 1377 2872 signifieat
1399 2807 1433 2851 ex
1503 2843 1504 2860 ,

231 2897 288 2958 quo
317 2881 418 2940 viuum
448 2880 479 2939 in
509 2880 644 2958 peculum
674 2879 847 2944 iulquItur.
890 2881 973 2942 Idem
1003 2883 1047 2942 est
1068 2881 1104 2943 fr.
1127 2878 1167 2940 42
1190 2877 1322 2962 καθαρζ
1344 2866 1376 2937 δ’
1400 2869 1432 2936 έν

230 2959 347 3047 κελέβη
369 2959 467 3026 πέντε
490 2983 524 3025 τε
549 2959 605 3026 καί
627 2965 716 3044 τρεῖς
737 2956 934 3044 ἀναχείσθω,
958 2972 986 3028 et
1006 2967 1040 3027 tr.
1057 2965 1097 3028 63
1120 2957 1177 3043 δίχε
1198 2960 1238 3048 δὴ
1260 2952 1337 3047 φέρ’
1360 2953 1432 3046 ἡμῖν

233 3039 347 3111 ὦπαῖ
369 3045 509 3132 κελέβην,
531 3043 617 3124 ὅκως
646 3043 784 3131 ἄμυστιν
818 3045 962 3137 προπίω,
993 3053 1044 3114 ubi
1066 3051 1235 3113 Athenaeus
1258 3049 1313 3126 (XI
1336 3042 1431 3124 4750)
1502 3113 1503 3120 q

231 3154 283 3214 per
305 3128 445 3215 ἔκπωμα
474 3138 688 3213 interpretetur,
718 3139 770 3199 sed
802 3156 858 3199 non
888 3141 974 3211 reete,
1004 3155 1071 3199 uam
1094 3139 1255 3216 sequuntur
1275 3135 1366 3196 haee:
1393 3126 1432 3192 τὰ
1502 3165 1503 3207 χ

232 3216 292 3302 μέν
314 3213 381 3283 δέκ’
407 3215 518 3302 ε’χχέας
550 3214 677 3299 ύδατος,
708 3216 748 3284 τὰ
776 3217 875 3284 πέντε
896 3219 916 3284 δ
922 3213 931 3240 ’
955 3214 1044 3285 οἴνου
1072 3216 1225 3296 κυάθους.
1259 3257 1301 3266 -
1333 3220 1432 3282 Gram-

232 3309 357 3368 maticus
378 3308 429 3368 ubi
453 3309 516 3368 etue
539 3308 673 3370 vocabuli
695 3309 900 3388 etymologiam
923 3327 1007 3370 suam
1028 3308 1115 3387 plane
1136 3309 1265 3386 ineptam
1286 3307 1373 3376 dedit,
1393 3304 1433 3364 sio

232 3395 341 3471 pergit:
366 3387 501 3473 Σιληνὸς
522 3388 558 3454 δέ
574 3388 630 3454 καί
644 3387 845 3479 Κλείταρχος
859 3389 936 3468 τούς
949 3387 1093 3468 Αἰολεῖς
1108 3412 1210 3477 φασιν
1226 3383 1310 3453 οὕτω
1325 3387 1431 3452 καλεῖν

235 3474 273 3540 τδ
295 3471 462 3560 ποτήριον.
485 3471 666 3562 Πάμφιλος
685 3474 774 3542 δὲτὸ
789 3474 969 3565 [ποτήριον]
992 3471 1225 3562 θερμοποτίδα
1239 3471 1431 3557 καλούμενον

232 3559 288 3647 τὴν
320 3560 453 3646 κελέβην
484 3550 569 3626 εἶναι
600 3565 649 3640 (ex
679 3565 761 3643 ligne
794 3566 908 3629 soilioet
940 3567 1065 3628 fautum:
1098 3566 1133 3627 ot.
1164 3565 1211 3627 ut.
1241 3565 1280 3624 Μ.
1304 3562 1374 3636 502,
1395 3558 1431 3620 14

233 3645 362 3730 κελέβη·
390 3638 482 3723 εἶδος
502 3642 661 3735 ποτηρίου
683 3644 831 3752 ξολίηοο).
863 3645 1045 3732 Νίκανδρος
1067 3641 1100 3713 δ’
1124 3642 1142 3713 δ
1164 3641 1381 3732 Κολοφώνιος
1400 3638 1430 3706 ἒν

233 3735 308 3810 ταῖς
329 3729 501 3810 Γλώσσαις
530 3732 722 3817 ποιμενικὸν
752 3737 878 3838 αχμεῖον
907 3731 1078 3821 μελιτηρὸν
1108 3732 1165 3822 τὴν
1186 3731 1320 3818 κελέβην
1340 3721 1429 3796 εἶναι.
1500 3753 1501 3784 1

234 3816 290 3883 καί
311 3815 372 3906 χδρ
389 3811 588 3902 Ἀντίμαχος
610 3814 627 3884 δ
646 3819 860 3906 Κολοφωνιος
882 3817 917 3886 ἐν
932 3818 1076 3905 πέμπτῳ
1095 3816 1260 3905 Θηβαίδος
1282 3813 1364 3904 (μησί
1379 3866 1386 3880 .
1399 3861 1429 3878 ·.

236 3949 416 3956 ΜΦ.-

301 4004 345 4072 At)
361 4005 399 4055 (ll.
417 4007 476 4056 Itur.
495 4009 548 4056 Alo.
567 4010 617 4057 408
630 4010 748 4058 Eumelus
765 4025 827 4072 puer
842 4023 952 4060 sororem
965 4011 1113 4072 alloquitur:
1133 3997 1156 4060 τί
1174 4007 1277 4075 σχέτλια
1294 4003 1328 4071 δή
1348 3998 1429 4057 aanor

234 4069 285 4140 ἐγώ
305 4072 365 4139 ἔργα
385 4069 417 4125 σύ
436 4090 463 4127 τε
482 4070 595 4162 σύηκασί
616 4093 657 4141 μοι
675 4074 756 4160 κούρα
772 4080 860 4159 (sohel.
881 4075 1022 4160 συνύμαιμε
1047 4076 1203 4162 aquaputa&
1224 4103 1256 4112 -Λ
1283 4079 1322 4126 cf.
1340 4070 1427 4153 Ευηῑ

235 4147 263 4192 Τ.
283 4145 333 4194 800
356 4142 493 4207 (Orestaslz
512 4161 533 4195 ω
553 4161 744 4212 σογκασιγοητη
770 4162 798 4198 τε
815 4163 867 4197 κακ
885 4163 977 4198 tauron
994 4163 1091 4211 πατρος
1123 4144 1302 4211 Δγαμέμοονος
1325 4154 1429 4209 quque«-

304 4210 412 4273 tuimet
431 4213 559 4262 utrinam
577 4217 608 4262 ab
626 4216 767 4265 homiuIbus
785 4231 835 4263 non
853 4216 900 4265 rite
918 4216 1019 4264 libatum
1045 4223 1171 4274 evomunt,
1197 4217 1232 4262 sio
1251 4227 1334 4262 eorum
1351 4222 1427 4273 preses
1498 4277 1499 4288 η

236 4296 334 4342 quoque
352 4281 387 4328 ita
404 4283 514 4342 prolutas
531 4284 670 4344 repudiant.

305 4351 350 4410 4⁶)
368 4351 487 4412 Daetylus
504 4366 549 4412 pro
566 4352 650 4400 lambo
668 4352 771 4413 positus.
