3078 5108
689 1193 801 1280 oopus
823 1169 1002 1280 quintum.

496 1441 498 1449 y
612 1353 669 1424 De
696 1353 849 1424 deleotu
873 1351 1089 1424 verborum.
1182 1433 1185 1440 ι

331 1555 502 1619 Sermonem
524 1557 716 1618 Ausoreoutis
737 1557 902 1618 soouretius
917 1557 1093 1636 perserutori
1116 1573 1182 1616 oum
1203 1555 1277 1616 mihi
1300 1557 1332 1618 iu
1354 1560 1459 1618 animo

246 1643 331 1716 esset,
364 1643 389 1704 si
411 1642 471 1704 tulo
492 1643 672 1722 propositum
694 1643 809 1705 omuino
838 1643 876 1704 ed
898 1642 986 1704 finem
1014 1643 1173 1720 perduoero
1195 1641 1310 1715 vollem,
1332 1644 1364 1702 id
1390 1649 1460 1704 sute

240 1730 343 1792 omnis
372 1727 447 1804 mihi
470 1729 617 1814 egendum
640 1746 704 1790 esse
725 1729 887 1802 videbatur,
915 1731 949 1790 ut
980 1745 1079 1789 eorum
1110 1729 1273 1800 verborum,
1302 1746 1383 1806 quoe
1409 1729 1460 1790 ille

247 1815 406 1894 usurpavit,
428 1815 556 1875 iudioem
586 1814 757 1876 ooufioerem
779 1813 907 1893 plenum.
951 1814 1042 1890 Quem
1065 1815 1095 1874 iu
1117 1814 1174 1874 fine
1197 1813 1329 1892 opusculi
1351 1817 1460 1892 posui;

245 1899 303 1960 hoo
333 1903 431 1960 eutem
461 1898 524 1961 loeo
554 1901 589 1962 de
618 1899 656 1960 iis
683 1902 797 1961 tuntum
825 1898 975 1961 vombulis
1005 1897 1143 1960 nonnulle
1175 1899 1279 1972 dicem,
1309 1917 1388 1978 queo
1419 1903 1461 1961 sd

246 2002 346 2046 vorem
373 1984 457 2047 illius
478 2002 597 2064 poeseos
618 1986 746 2065 speeiem
769 1986 987 2064 percipiendum
1007 1986 1137 2046 maxime
1158 1986 1262 2046 idouse
1284 2001 1348 2046 esse
1379 1987 1461 2046 mihi

250 2072 313 2132 vise
335 2073 411 2132 suut.

332 2159 429 2235 Atque
450 2156 577 2235 primum
592 2156 710 2235 quidem
731 2157 853 2217 trootuvi
876 2173 910 2217 ss
925 2155 1074 2228 vocabulo,
1097 2173 1171 2235 quse
1192 2157 1225 2218 iu
1240 2157 1320 2236 epioo
1337 2173 1462 2236 quoque

248 2259 380 2304 sermone
408 2242 516 2303 usitato
545 2245 628 2303 suut:
658 2243 711 2303 sed
739 2241 851 2320 duplioi
879 2243 963 2303 modo
993 2241 1042 2302 hio
1073 2243 1296 2303 disoerueudum
1327 2246 1399 2314 eret,
1429 2247 1464 2304 st

247 2329 324 2389 iuter
346 2345 388 2401 ee,
417 2345 491 2407 quse
522 2328 623 2389 sedem
651 2345 717 2390 oum
741 2328 768 2388 vi
791 2331 930 2405 usurpato
959 2328 1000 2389 ibi
1022 2329 1218 2399 inveniuntur,
1248 2331 1276 2389 et
1304 2329 1382 2388 iuter
1413 2346 1461 2401 eu,

249 2413 439 2493 quorumvis
469 2415 521 2474 sut
543 2415 689 2474 structura
709 2415 747 2474 eb
776 2431 832 2474 usu
865 2414 944 2492 epioo
974 2413 1060 2492 plene
1091 2415 1205 2474 diverse
1232 2420 1315 2486 suut;
1345 2414 1460 2475 deiude

251 2500 299 2577 egi
321 2499 357 2560 do
379 2499 417 2559 iis
448 2498 606 2570 vooebulis‚
639 2515 713 2577 quoe
742 2500 773 2559 iu
800 2500 890 2576 epiois
912 2500 1090 2561 carminibus
1114 2500 1229 2559 omniuo
1251 2500 1362 2560 desunt.
1409 2501 1460 2560 Ab

250 2584 306 2645 hoo
328 2584 439 2645 ustione
467 2586 569 2662 peuois
591 2587 704 2645 tentum
725 2586 757 2646 iu
778 2585 875 2646 verbis
899 2585 1029 2658 dissessi,
1061 2601 1144 2663 quoe,
1174 2587 1206 2645 ut
1228 2602 1327 2646 eorum
1349 2585 1464 2645 formu-
1524 2625 1525 2650 o

249 2671 336 2731 tionis
366 2669 526 2770 similitudo
556 2671 651 2749 magis
677 2672 830 2749 perspicus
861 2672 952 2744 osset,
981 2670 1028 2732 vel
1052 2669 1112 2731 elis
1135 2671 1172 2731 ds
1201 2687 1289 2732 osuss
1313 2672 1344 2730 iu
1372 2671 1463 2731 initio

250 2773 454 2916 oompffiue
476 2843 507 2901 iu
529 2840 656 2920 siugulis
677 2841 775 2902 verbis
797 2843 847 2901 eut
867 2839 1062 2902 loeutiouibus
1084 2840 1301 2920 siphebetioum
1324 2842 1463 2903 ordinem

251 2929 368 2988 seoutus
390 2945 463 3004 sum,
487 2944 576 3007 quem
597 2928 739 2988 rationem
762 2943 796 2988 ee
818 2927 854 2988 de
867 2943 955 2988 oeuss
975 2927 1110 3005 praetuli,
1133 2945 1169 2988 ue
1190 2928 1278 2988 nimis
1300 2927 1463 2989 artificiose

252 3013 439 3092 dispositione
460 3015 549 3075 totius
571 3012 783 3074 dissertationis
806 3015 977 3091 oouspeotus
998 3013 1195 3091 impediretur.

254 3268 280 3329 1.
307 3268 350 3328 de
371 3267 601 3346 pertioulis.

339 3342 418 3434 dyo]
455 3352 503 3426 63,
535 3353 551 3414 1
582 3343 638 3435 ὅγε
660 3347 709 3437 δή,
733 3345 809 3436 φέρ’
846 3352 938 3427 6117
970 3345 1028 3434 dyo
1057 3349 1179 3416 δεῦτε.
1202 3403 1209 3416 .
1233 3400 1241 3415 .
1264 3351 1465 3435 μελετῶμεν.

251 3427 326 3499 ἀλλ’
351 3432 408 3518 ἄγε
439 3430 479 3520 δή
509 3439 654 3501 Homerus
685 3441 765 3514 dioit,
793 3458 911 3520 perraro
939 3443 1052 3502 tentum
1074 3432 1131 3520 ἄγε
1154 3433 1203 3524 δή,
1234 3440 1316 3502 velut
1341 3438 1372 3500 Ω
1397 3441 1464 3502 406

252 3517 427 3670 gzssffl'd
440 3516 602 3608 θεράπων
620 3515 776 3610 Ἀχιλῆος
797 3513 855 3603 εἷς,
878 3516 936 3607 ὄῖγε
959 3521 998 3608 δὴ
1013 3518 1208 3604 κατοῖἶεξονς
1230 3544 1346 3604 semper
1361 3529 1466 3588 autem

273 3628 327 3670 ευτ
365 3631 387 3672 α
408 3630 432 3675 ε.

340 3627 412 3758 oddy’
445 3682 507 3774 αὖ]
544 3695 584 3757 56
608 3685 679 3758 οὐδ’
704 3683 744 3758 οὗ
765 3685 802 3776 μ’
827 3687 936 3769 ἐάσεις
956 3685 1114 3777 μεθύοντ’
1139 3684 1249 3757 οἴκαδ’
1274 3685 1464 3774 ἅπελθεῖνς

254 3781 335 3843 Hoso
356 3784 445 3844 verbe
464 3782 655 3844 Ausereoutis
677 3800 741 3844 esse
762 3783 836 3844 vidit
857 3781 892 3845 (i.
908 3781 1102 3855 Homerum,
1125 3781 1160 3843 ol.
1177 3783 1265 3843 dootr.
1287 3785 1372 3844 metr.
1388 3782 1464 3844 493.

254 3869 291 3928 Iu
313 3869 491 3929 oermiuibus
522 3868 611 3946 epiois
639 3855 679 3930 αὖ
709 3870 823 3930 tentum
844 3894 886 3918 =
902 3859 1056 3942 ‘vioissim¹
1085 3857 1184 3947 porro'
1217 3870 1323 3936 erstot;
1355 3871 1463 3930 eedem

254 3955 352 4015 eutem
374 3953 482 4015 loeutio
504 3953 582 4030 opud
596 3955 708 4016 Attioos
727 3955 845 4034 seepius
867 3955 942 4015 redit
962 3955 1043 4014 vorio
1066 3956 1150 4014 modo
1165 3953 1306 4015 adhibito.
1328 3953 1466 4015 Primum

254 4038 372 4101 iuoohet
401 4039 582 4114 senteutiam,
612 4057 687 4119 ques
717 4057 752 4101 ex
780 4040 876 4101 vorbis
906 4041 1143 4100 euteoedeutibus
1172 4040 1208 4100 de
1237 4039 1297 4100 olis
1320 4042 1349 4101 et
1370 4040 1467 4101 simili

255 4141 287 4185 rs
320 4124 421 4202 oolligi
450 4127 551 4204 potest
601 4128 651 4188 Ar.
673 4123 743 4187 sool.
767 4123 829 4187 667
860 4113 931 4186 οὐδ’
963 4113 1004 4186 αὗ
1033 4119 1177 4208 κλέπτης
1208 4113 1315 4198 οὐδεὶς
1348 4117 1465 4204 douae,-

255 4209 369 4272 Dsiude
390 4211 421 4272 iu
436 4211 576 4272 enuntiati
598 4212 681 4272 initio
695 4212 819 4289 ponitur,
841 4227 897 4290 quo
911 4212 1086 4272 euteoedeus
1100 4211 1245 4272 sententie
1265 4227 1341 4272 nove
1363 4211 1468 4290 ulique

257 4297 308 4357 sut
329 4295 420 4357 simili
449 4314 480 4358 re
512 4297 611 4358 eddito
640 4298 744 4358 oertior
772 4297 806 4357 fit
830 4299 881 4357 eut
902 4295 1103 4375 empliflootur.
1147 4295 1193 4358 So.
1214 4295 1259 4358 ul.
1283 4296 1345 4359 910
1374 4289 1466 4380 κᾶγτὶ

257 4371 396 4473 μὲνούκ
426 4373 557 4463 ἔδρασα,
588 4372 677 4445 τοῦτ’
701 4374 892 4463 ἐπίσταμαι,
915 4370 985 4442 οὐδ’
1011 4370 1051 4444 αὗ
1073 4374 1121 4444 σύ.
1158 4381 1200 4444 Gi.
1215 4383 1259 4442 Αἱ.
1273 4382 1364 4445 1116.
1387 4387 1468 4449 Oum
