<?xml version="1.0" encoding="UTF-8"?>
<!DOCTYPE html PUBLIC "-//W3C//DTD XHTML 1.0 Transitional//EN"
    "http://www.w3.org/TR/xhtml1/DTD/xhtml1-transitional.dtd">
<html xmlns="http://www.w3.org/1999/xhtml" xml:lang="en" lang="en">
 <head>
  <title>
</title>
<meta http-equiv="Content-Type" content="text/html;charset=utf-8" />
  <meta name='ocr-system' content='tesseract 3.04.00' />
  <meta name='ocr-capabilities' content='ocr_page ocr_carea ocr_par ocr_line ocrx_word'/>
</head>
<body>
  <div class='ocr_page' id='page_1' title='image "./anacreontea00webegoog_0011.png"; bbox 0 0 3078 5108; ppageno 0'>
   <div class='ocr_carea' id='block_1_1' title="bbox 773 363 964 424">
    <p class='ocr_par' dir='ltr' id='par_1_1' title="bbox 773 363 964 424">
     <span class='ocr_line' id='line_1_1' title="bbox 773 363 964 424; baseline 0.01 -16"><span class='ocrx_word' id='word_1_1' title='bbox 773 363 964 424; x_wconf 62' lang='grc'><strong>..4,</strong></span> 
     </span>
    </p>
   </div>
   <div class='ocr_carea' id='block_1_2' title="bbox 268 549 1528 3414">
    <p class='ocr_par' dir='ltr' id='par_1_2' title="bbox 268 549 1528 3414">
     <span class='ocr_line' id='line_1_2' title="bbox 272 549 1478 645; baseline 0.001 -26"><span class='ocrx_word' id='word_1_2' title='bbox 272 557 376 645; x_wconf 57' lang='grc' dir='ltr'><strong>(χαῖρε</strong></span> <span class='ocrx_word' id='word_1_3' title='bbox 399 552 495 640; x_wconf 83' lang='grc' dir='ltr'><strong><em>φίλον</em></strong></span> <span class='ocrx_word' id='word_1_4' title='bbox 517 549 628 641; x_wconf 76' lang='grc' dir='ltr'>φάος’.</span> <span class='ocrx_word' id='word_1_5' title='bbox 664 560 722 622; x_wconf 84' lang='lat' dir='ltr'><strong>Sed</strong></span> <span class='ocrx_word' id='word_1_6' title='bbox 744 577 887 638; x_wconf 85' lang='lat' dir='ltr'><strong>quaenam</strong></span> <span class='ocrx_word' id='word_1_7' title='bbox 910 565 978 622; x_wconf 91' lang='lat' dir='ltr'><strong>sunt</strong></span> <span class='ocrx_word' id='word_1_8' title='bbox 1007 561 1136 622; x_wconf 88' lang='lat' dir='ltr'><strong>earmina</strong></span> <span class='ocrx_word' id='word_1_9' title='bbox 1159 551 1334 623; x_wconf 70' lang='grc' dir='ltr'><strong>ἀηόθεοαῗ)</strong></span> <span class='ocrx_word' id='word_1_10' title='bbox 1376 562 1478 638; x_wconf 89' lang='lat' dir='ltr'><strong>Atque</strong></span> 
     </span>
     <span class='ocr_line' id='line_1_3' title="bbox 268 667 1477 746; baseline 0.001 -17"><span class='ocrx_word' id='word_1_11' title='bbox 268 667 355 730; x_wconf 87' lang='lat' dir='ltr'><strong>Blsss</strong></span> <span class='ocrx_word' id='word_1_12' title='bbox 377 669 445 744; x_wconf 84' lang='lat' dir='ltr'><strong>(lib.</strong></span> <span class='ocrx_word' id='word_1_13' title='bbox 467 670 505 732; x_wconf 88' lang='lat' dir='ltr'><strong>M.</strong></span> <span class='ocrx_word' id='word_1_14' title='bbox 528 670 621 743; x_wconf 83' lang='lat' dir='ltr'>XXIX</span> <span class='ocrx_word' id='word_1_15' title='bbox 646 671 726 746; x_wconf 73' lang='lat'>156),</span> <span class='ocrx_word' id='word_1_16' title='bbox 759 670 860 732; x_wconf 89' lang='lat' dir='ltr'><strong>collato</strong></span> <span class='ocrx_word' id='word_1_17' title='bbox 883 669 956 732; x_wconf 85' lang='lat' dir='ltr'><strong>Plat</strong></span> <span class='ocrx_word' id='word_1_18' title='bbox 980 669 1104 735; x_wconf 89' lang='lat' dir='ltr'><strong>Phaedr.</strong></span> <span class='ocrx_word' id='word_1_19' title='bbox 1129 673 1223 733; x_wconf 73' lang='lat'><strong>2521&gt;</strong></span> <span class='ocrx_word' id='word_1_20' title='bbox 1257 674 1319 746; x_wconf 90' lang='lat' dir='ltr'><strong>(ubi</strong></span> <span class='ocrx_word' id='word_1_21' title='bbox 1352 671 1477 733; x_wconf 77' lang='lat' dir='ltr'>Homeri</span> 
     </span>
     <span class='ocr_line' id='line_1_4' title="bbox 270 769 1479 863; baseline 0.002 -23"><span class='ocrx_word' id='word_1_22' title='bbox 270 769 423 841; x_wconf 68' lang='grc' dir='ltr'><strong><em>ἀπόθετα</em></strong></span> <span class='ocrx_word' id='word_1_23' title='bbox 446 773 509 863; x_wconf 76' lang='grc' dir='ltr'><strong>ἔπη</strong></span> <span class='ocrx_word' id='word_1_24' title='bbox 539 785 801 843; x_wconf 76' lang='lat' dir='ltr'><strong>commemorantur</strong></span> <span class='ocrx_word' id='word_1_25' title='bbox 822 784 851 842; x_wconf 87' lang='lat' dir='ltr'><strong>et</strong></span> <span class='ocrx_word' id='word_1_26' title='bbox 874 783 930 842; x_wconf 92' lang='lat' dir='ltr'><strong>duo</strong></span> <span class='ocrx_word' id='word_1_27' title='bbox 952 799 1054 843; x_wconf 88' lang='lat' dir='ltr'><strong>versus</strong></span> <span class='ocrx_word' id='word_1_28' title='bbox 1078 800 1113 844; x_wconf 87' lang='lat' dir='ltr'><strong>ex</strong></span> <span class='ocrx_word' id='word_1_29' title='bbox 1133 785 1172 843; x_wconf 91' lang='lat' dir='ltr'><strong>iis</strong></span> <span class='ocrx_word' id='word_1_30' title='bbox 1194 779 1375 862; x_wconf 86' lang='lat' dir='ltr'><strong>afferuntur),</strong></span> <span class='ocrx_word' id='word_1_31' title='bbox 1405 784 1479 860; x_wconf 89' lang='lat' dir='ltr'><strong>qula</strong></span> 
     </span>
     <span class='ocr_line' id='line_1_5' title="bbox 269 890 1479 966; baseline 0.002 -16"><span class='ocrx_word' id='word_1_32' title='bbox 269 890 342 951; x_wconf 91' lang='lat' dir='ltr'><strong>haec</strong></span> <span class='ocrx_word' id='word_1_33' title='bbox 364 893 553 952; x_wconf 85' lang='lat' dir='ltr'><strong>Anacreontis</strong></span> <span class='ocrx_word' id='word_1_34' title='bbox 576 893 705 953; x_wconf 86' lang='lat' dir='ltr'><strong>carmina</strong></span> <span class='ocrx_word' id='word_1_35' title='bbox 726 894 763 954; x_wconf 89' lang='lat' dir='ltr'><strong>ab</strong></span> <span class='ocrx_word' id='word_1_36' title='bbox 787 893 919 954; x_wconf 76' lang='lat' dir='ltr'><strong>Himerio</strong></span> <span class='ocrx_word' id='word_1_37' title='bbox 942 893 1013 954; x_wconf 87' lang='lat' dir='ltr'><strong>item</strong></span> <span class='ocrx_word' id='word_1_38' title='bbox 1035 895 1229 966; x_wconf 76' lang='lat' dir='ltr'><strong>nominantur,</strong></span> <span class='ocrx_word' id='word_1_39' title='bbox 1252 894 1307 954; x_wconf 89' lang='lat' dir='ltr'><strong>hae</strong></span> <span class='ocrx_word' id='word_1_40' title='bbox 1327 893 1479 954; x_wconf 88' lang='lat' dir='ltr'><strong>notatione</strong></span> 
     </span>
     <span class='ocr_line' id='line_1_6' title="bbox 268 1000 1480 1082; baseline 0.003 -22"><span class='ocrx_word' id='word_1_41' title='bbox 268 1000 353 1062; x_wconf 92' lang='lat' dir='ltr'><strong>illum</strong></span> <span class='ocrx_word' id='word_1_42' title='bbox 376 1020 410 1063; x_wconf 90' lang='lat' dir='ltr'><strong>ea</strong></span> <span class='ocrx_word' id='word_1_43' title='bbox 432 1019 524 1082; x_wconf 89' lang='lat' dir='ltr'><strong>aeque</strong></span> <span class='ocrx_word' id='word_1_44' title='bbox 546 1021 564 1063; x_wconf 94' lang='lat' dir='ltr'><strong>a</strong></span> <span class='ocrx_word' id='word_1_45' title='bbox 585 1021 616 1064; x_wconf 93' lang='lat' dir='ltr'><strong>se</strong></span> <span class='ocrx_word' id='word_1_46' title='bbox 646 1005 763 1065; x_wconf 86' lang='lat' dir='ltr'><strong>subdita</strong></span> <span class='ocrx_word' id='word_1_47' title='bbox 794 1022 859 1065; x_wconf 89' lang='lat' dir='ltr'><strong>esse</strong></span> <span class='ocrx_word' id='word_1_48' title='bbox 888 1005 1018 1065; x_wconf 85' lang='lat' dir='ltr'><strong>indicare</strong></span> <span class='ocrx_word' id='word_1_49' title='bbox 1049 1004 1175 1066; x_wconf 88' lang='lat' dir='ltr'><strong>voluisse</strong></span> <span class='ocrx_word' id='word_1_50' title='bbox 1207 1006 1311 1066; x_wconf 88' lang='lat' dir='ltr'><strong>censet.</strong></span> <span class='ocrx_word' id='word_1_51' title='bbox 1355 1005 1480 1065; x_wconf 90' lang='lat' dir='ltr'><strong>Homeri</strong></span> 
     </span>
     <span class='ocr_line' id='line_1_7' title="bbox 270 1113 1479 1196; baseline 0.002 -24"><span class='ocrx_word' id='word_1_52' title='bbox 270 1114 389 1190; x_wconf 88' lang='lat' dir='ltr'><strong>quidem</strong></span> <span class='ocrx_word' id='word_1_53' title='bbox 410 1114 500 1175; x_wconf 86' lang='lat' dir='ltr'><strong>uerba</strong></span> <span class='ocrx_word' id='word_1_54' title='bbox 518 1115 561 1174; x_wconf 89' lang='lat' dir='ltr'><strong>ibi</strong></span> <span class='ocrx_word' id='word_1_55' title='bbox 583 1131 601 1174; x_wconf 90' lang='lat' dir='ltr'><strong>a</strong></span> <span class='ocrx_word' id='word_1_56' title='bbox 622 1113 743 1176; x_wconf 92' lang='lat' dir='ltr'><strong>Platone</strong></span> <span class='ocrx_word' id='word_1_57' title='bbox 764 1116 827 1192; x_wconf 92' lang='lat' dir='ltr'><strong>ipso</strong></span> <span class='ocrx_word' id='word_1_58' title='bbox 856 1115 923 1175; x_wconf 89' lang='lat' dir='ltr'><strong>fieta</strong></span> <span class='ocrx_word' id='word_1_59' title='bbox 953 1133 1017 1176; x_wconf 89' lang='lat' dir='ltr'><strong>esse</strong></span> <span class='ocrx_word' id='word_1_60' title='bbox 1048 1118 1159 1177; x_wconf 87' lang='lat' dir='ltr'><strong>constat</strong></span> <span class='ocrx_word' id='word_1_61' title='bbox 1189 1113 1239 1196; x_wconf 85' lang='lat' dir='ltr'><strong>(ei.</strong></span> <span class='ocrx_word' id='word_1_62' title='bbox 1262 1119 1340 1177; x_wconf 91' lang='lat' dir='ltr'><strong>enim</strong></span> <span class='ocrx_word' id='word_1_63' title='bbox 1363 1133 1438 1194; x_wconf 88' lang='lat' dir='ltr'><strong>quae</strong></span> <span class='ocrx_word' id='word_1_64' title='bbox 1463 1133 1479 1174; x_wconf 90' lang='lat' dir='ltr'><strong>e</strong></span> 
     </span>
     <span class='ocr_line' id='line_1_8' title="bbox 270 1224 1478 1306; baseline 0.002 -22"><span class='ocrx_word' id='word_1_65' title='bbox 270 1224 385 1302; x_wconf 82' lang='lat' dir='ltr'><strong>Oratylo</strong></span> <span class='ocrx_word' id='word_1_66' title='bbox 408 1225 491 1286; x_wconf 85' lang='lat' dir='ltr'><strong>affert</strong></span> <span class='ocrx_word' id='word_1_67' title='bbox 513 1226 632 1300; x_wconf 85' lang='lat' dir='ltr'><strong>Lobeolr</strong></span> <span class='ocrx_word' id='word_1_68' title='bbox 653 1225 798 1304; x_wconf 84' lang='lat' dir='ltr'><strong>Aglaoph.</strong></span> <span class='ocrx_word' id='word_1_69' title='bbox 823 1245 850 1305; x_wconf 77' lang='lat' dir='ltr'><strong>p,</strong></span> <span class='ocrx_word' id='word_1_70' title='bbox 874 1225 960 1303; x_wconf 86' lang='lat'>861),</span> <span class='ocrx_word' id='word_1_71' title='bbox 990 1228 1018 1286; x_wconf 91' lang='lat' dir='ltr'><strong>et</strong></span> <span class='ocrx_word' id='word_1_72' title='bbox 1049 1229 1127 1306; x_wconf 86' lang='lat' dir='ltr'><strong>apud</strong></span> <span class='ocrx_word' id='word_1_73' title='bbox 1156 1227 1321 1288; x_wconf 78' lang='lat' dir='ltr'><strong>Himerium</strong></span> <span class='ocrx_word' id='word_1_74' title='bbox 1351 1228 1478 1288; x_wconf 85' lang='lat' dir='ltr'><strong>eandem</strong></span> 
     </span>
     <span class='ocr_line' id='line_1_9' title="bbox 271 1337 1481 1416; baseline 0.002 -20"><span class='ocrx_word' id='word_1_75' title='bbox 271 1353 386 1414; x_wconf 90' lang='lat' dir='ltr'><strong>quoque</strong></span> <span class='ocrx_word' id='word_1_76' title='bbox 408 1354 469 1396; x_wconf 90' lang='lat' dir='ltr'><strong>rem</strong></span> <span class='ocrx_word' id='word_1_77' title='bbox 493 1354 556 1397; x_wconf 87' lang='lat' dir='ltr'><strong>esso</strong></span> <span class='ocrx_word' id='word_1_78' title='bbox 579 1337 671 1397; x_wconf 91' lang='lat' dir='ltr'><strong>conici</strong></span> <span class='ocrx_word' id='word_1_79' title='bbox 693 1338 806 1414; x_wconf 88' lang='lat' dir='ltr'><strong>poterit,</strong></span> <span class='ocrx_word' id='word_1_80' title='bbox 830 1338 871 1397; x_wconf 90' lang='lat' dir='ltr'><strong>ita</strong></span> <span class='ocrx_word' id='word_1_81' title='bbox 893 1339 926 1397; x_wconf 87' lang='lat' dir='ltr'><strong>ut</strong></span> <span class='ocrx_word' id='word_1_82' title='bbox 948 1338 1079 1414; x_wconf 75' lang='lat' dir='ltr'><strong>sophista</strong></span> <span class='ocrx_word' id='word_1_83' title='bbox 1105 1354 1146 1410; x_wconf 90' lang='lat' dir='ltr'><strong>ea,</strong></span> <span class='ocrx_word' id='word_1_84' title='bbox 1169 1355 1244 1416; x_wconf 89' lang='lat' dir='ltr'><strong>quae</strong></span> <span class='ocrx_word' id='word_1_85' title='bbox 1258 1339 1356 1399; x_wconf 78' lang='lat' dir='ltr'><strong>vorbis</strong></span> <span class='ocrx_word' id='word_1_86' title='bbox 1370 1337 1481 1398; x_wconf 88' lang='lat' dir='ltr'><strong>ludens</strong></span> 
     </span>
     <span class='ocr_line' id='line_1_10' title="bbox 273 1446 1481 1527; baseline 0.002 -21"><span class='ocrx_word' id='word_1_87' title='bbox 273 1463 307 1506; x_wconf 85' lang='lat' dir='ltr'><strong>ex</strong></span> <span class='ocrx_word' id='word_1_88' title='bbox 336 1446 384 1506; x_wconf 91' lang='lat' dir='ltr'><strong>his</strong></span> <span class='ocrx_word' id='word_1_89' title='bbox 416 1448 607 1508; x_wconf 78' lang='lat' dir='ltr'><strong>Anacreontis</strong></span> <span class='ocrx_word' id='word_1_90' title='bbox 641 1449 820 1510; x_wconf 91' lang='lat' dir='ltr'><strong>carminibus</strong></span> <span class='ocrx_word' id='word_1_91' title='bbox 854 1451 970 1527; x_wconf 89' lang='lat' dir='ltr'><strong>sumpta</strong></span> <span class='ocrx_word' id='word_1_92' title='bbox 1004 1465 1068 1508; x_wconf 90' lang='lat' dir='ltr'><strong>esse</strong></span> <span class='ocrx_word' id='word_1_93' title='bbox 1091 1448 1218 1522; x_wconf 89' lang='lat' dir='ltr'><strong>simulat,</strong></span> <span class='ocrx_word' id='word_1_94' title='bbox 1251 1450 1315 1527; x_wconf 88' lang='lat' dir='ltr'><strong>ipse</strong></span> <span class='ocrx_word' id='word_1_95' title='bbox 1348 1448 1405 1509; x_wconf 91' lang='lat' dir='ltr'><strong>sibi</strong></span> <span class='ocrx_word' id='word_1_96' title='bbox 1429 1466 1481 1508; x_wconf 83' lang='lat' dir='ltr'><strong>ex·</strong></span> 
     </span>
     <span class='ocr_line' id='line_1_11' title="bbox 272 1557 1481 1638; baseline 0 -20"><span class='ocrx_word' id='word_1_97' title='bbox 272 1559 457 1636; x_wconf 81' lang='lat' dir='ltr'><strong>cogitaverit:</strong></span> <span class='ocrx_word' id='word_1_98' title='bbox 480 1560 532 1620; x_wconf 85' lang='lat' dir='ltr'><strong>sed</strong></span> <span class='ocrx_word' id='word_1_99' title='bbox 548 1561 671 1620; x_wconf 89' lang='lat' dir='ltr'><strong>metrum</strong></span> <span class='ocrx_word' id='word_1_100' title='bbox 683 1557 714 1638; x_wconf 68' lang='grc'><strong>2)</strong></span> <span class='ocrx_word' id='word_1_101' title='bbox 730 1560 850 1621; x_wconf 89' lang='lat' dir='ltr'><strong>minime</strong></span> <span class='ocrx_word' id='word_1_102' title='bbox 866 1558 987 1636; x_wconf 84' lang='lat' dir='ltr'><strong>vulgare</strong></span> <span class='ocrx_word' id='word_1_103' title='bbox 1003 1561 1047 1620; x_wconf 91' lang='lat' dir='ltr'><strong>est</strong></span> <span class='ocrx_word' id='word_1_104' title='bbox 1061 1562 1111 1620; x_wconf 88' lang='lat' dir='ltr'><strong>aut</strong></span> <span class='ocrx_word' id='word_1_105' title='bbox 1126 1560 1313 1631; x_wconf 89' lang='lat' dir='ltr'><strong>cotidianum,</strong></span> <span class='ocrx_word' id='word_1_106' title='bbox 1328 1562 1481 1637; x_wconf 89' lang='lat' dir='ltr'><strong>praeterea</strong></span> 
     </span>
     <span class='ocr_line' id='line_1_12' title="bbox 271 1659 1513 1750; baseline 0.002 -23"><span class='ocrx_word' id='word_1_107' title='bbox 271 1668 401 1730; x_wconf 89' lang='lat' dir='ltr'><strong>Himerio</strong></span> <span class='ocrx_word' id='word_1_108' title='bbox 424 1671 473 1730; x_wconf 87' lang='lat' dir='ltr'><strong>vix</strong></span> <span class='ocrx_word' id='word_1_109' title='bbox 488 1672 641 1742; x_wconf 64' lang='lat' dir='ltr'><strong>salttum</strong></span> <span class='ocrx_word' id='word_1_110' title='bbox 665 1672 768 1732; x_wconf 83' lang='lat' dir='ltr'><strong>deiude</strong></span> <span class='ocrx_word' id='word_1_111' title='bbox 792 1672 921 1731; x_wconf 89' lang='lat' dir='ltr'><strong>earmina</strong></span> <span class='ocrx_word' id='word_1_112' title='bbox 943 1659 1097 1731; x_wconf 72' lang='grc' dir='ltr'><strong><em>ἀπόθετα</em></strong></span> <span class='ocrx_word' id='word_1_113' title='bbox 1121 1671 1170 1731; x_wconf 87' lang='lat' dir='ltr'><strong>hio</strong></span> <span class='ocrx_word' id='word_1_114' title='bbox 1192 1688 1311 1750; x_wconf 87' lang='lat' dir='ltr'><strong>prorsus</strong></span> <span class='ocrx_word' id='word_1_115' title='bbox 1333 1669 1392 1731; x_wconf 91' lang='lat' dir='ltr'><strong>alia</strong></span> <span class='ocrx_word' id='word_1_116' title='bbox 1412 1688 1481 1731; x_wconf 90' lang='lat' dir='ltr'><strong>esse</strong></span> <span class='ocrx_word' id='word_1_117' title='bbox 1511 1707 1513 1711; x_wconf 28' lang='grc' dir='ltr'>ι</span> 
     </span>
     <span class='ocr_line' id='line_1_13' title="bbox 271 1781 1479 1860; baseline 0.002 -21"><span class='ocrx_word' id='word_1_118' title='bbox 271 1781 413 1841; x_wconf 86' lang='lat' dir='ltr'><strong>ridentur.</strong></span> <span class='ocrx_word' id='word_1_119' title='bbox 457 1781 532 1842; x_wconf 81' lang='lat' dir='ltr'><strong>Sunt</strong></span> <span class='ocrx_word' id='word_1_120' title='bbox 554 1783 632 1844; x_wconf 89' lang='lat' dir='ltr'><strong>enirn</strong></span> <span class='ocrx_word' id='word_1_121' title='bbox 656 1783 785 1842; x_wconf 87' lang='lat' dir='ltr'><strong>carmina</strong></span> <span class='ocrx_word' id='word_1_122' title='bbox 806 1783 952 1844; x_wconf 89' lang='lat' dir='ltr'><strong>recondita</strong></span> <span class='ocrx_word' id='word_1_123' title='bbox 974 1798 1049 1860; x_wconf 86' lang='lat' dir='ltr'><strong>quae</strong></span> <span class='ocrx_word' id='word_1_124' title='bbox 1076 1783 1211 1842; x_wconf 89' lang='lat' dir='ltr'><strong>omnibus</strong></span> <span class='ocrx_word' id='word_1_125' title='bbox 1226 1782 1347 1843; x_wconf 90' lang='lat' dir='ltr'><strong>minime</strong></span> <span class='ocrx_word' id='word_1_126' title='bbox 1362 1785 1479 1858; x_wconf 90' lang='lat' dir='ltr'><strong>praesto</strong></span> 
     </span>
     <span class='ocr_line' id='line_1_14' title="bbox 272 1890 1481 1968; baseline 0.001 -17"><span class='ocrx_word' id='word_1_127' title='bbox 272 1890 391 1968; x_wconf 70' lang='lat' dir='ltr'><strong>cunct).</strong></span> <span class='ocrx_word' id='word_1_128' title='bbox 452 1891 531 1953; x_wconf 73' lang='lat' dir='ltr'><strong>Tunc</strong></span> <span class='ocrx_word' id='word_1_129' title='bbox 564 1895 660 1954; x_wconf 91' lang='lat' dir='ltr'><strong>autem</strong></span> <span class='ocrx_word' id='word_1_130' title='bbox 696 1892 837 1954; x_wconf 89' lang='lat' dir='ltr'><strong>habemus</strong></span> <span class='ocrx_word' id='word_1_131' title='bbox 870 1894 1065 1954; x_wconf 89' lang='lat' dir='ltr'><strong>certissimum</strong></span> <span class='ocrx_word' id='word_1_132' title='bbox 1100 1894 1162 1953; x_wconf 90' lang='lat' dir='ltr'><strong>eius</strong></span> <span class='ocrx_word' id='word_1_133' title='bbox 1195 1893 1238 1953; x_wconf 91' lang='lat' dir='ltr'><strong>rei</strong></span> <span class='ocrx_word' id='word_1_134' title='bbox 1270 1893 1481 1963; x_wconf 86' lang='lat' dir='ltr'><strong>testimonium,</strong></span> 
     </span>
     <span class='ocr_line' id='line_1_15' title="bbox 276 2003 1480 2082; baseline 0.001 -20"><span class='ocrx_word' id='word_1_135' title='bbox 276 2005 453 2082; x_wconf 88' lang='lat' dir='ltr'><strong>quantopere</strong></span> <span class='ocrx_word' id='word_1_136' title='bbox 476 2005 605 2082; x_wconf 81' lang='lat' dir='ltr'><strong>genuina</strong></span> <span class='ocrx_word' id='word_1_137' title='bbox 627 2005 818 2076; x_wconf 88' lang='lat' dir='ltr'><strong>Anacreontis</strong></span> <span class='ocrx_word' id='word_1_138' title='bbox 834 2006 962 2065; x_wconf 91' lang='lat' dir='ltr'><strong>earmina</strong></span> <span class='ocrx_word' id='word_1_139' title='bbox 977 2004 1185 2082; x_wconf 79' lang='lat' dir='ltr'><strong>posterioribus</strong></span> <span class='ocrx_word' id='word_1_140' title='bbox 1201 2003 1326 2064; x_wconf 90' lang='lat' dir='ltr'><strong>saeculis</strong></span> <span class='ocrx_word' id='word_1_141' title='bbox 1348 2004 1384 2063; x_wconf 94' lang='lat' dir='ltr'><strong>ab</strong></span> <span class='ocrx_word' id='word_1_142' title='bbox 1400 2003 1480 2075; x_wconf 86' lang='lat' dir='ltr'><strong>aliis,</strong></span> 
     </span>
     <span class='ocr_line' id='line_1_16' title="bbox 272 2114 1480 2192; baseline 0.001 -19"><span class='ocrx_word' id='word_1_143' title='bbox 272 2129 347 2190; x_wconf 85' lang='lat' dir='ltr'><strong>quae</strong></span> <span class='ocrx_word' id='word_1_144' title='bbox 369 2116 407 2175; x_wconf 87' lang='lat' dir='ltr'><strong>ad</strong></span> <span class='ocrx_word' id='word_1_145' title='bbox 428 2114 534 2178; x_wconf 89' lang='lat' dir='ltr'><strong>horum</strong></span> <span class='ocrx_word' id='word_1_146' title='bbox 554 2116 746 2177; x_wconf 88' lang='lat' dir='ltr'><strong>imitationem</strong></span> <span class='ocrx_word' id='word_1_147' title='bbox 768 2114 843 2176; x_wconf 87' lang='lat' dir='ltr'><strong>lacta</strong></span> <span class='ocrx_word' id='word_1_148' title='bbox 865 2117 939 2187; x_wconf 90' lang='lat' dir='ltr'><strong>sunt,</strong></span> <span class='ocrx_word' id='word_1_149' title='bbox 962 2116 1129 2176; x_wconf 84' lang='lat' dir='ltr'><strong>submotae</strong></span> <span class='ocrx_word' id='word_1_150' title='bbox 1153 2115 1314 2192; x_wconf 81' lang='lat' dir='ltr'><strong>legentium</strong></span> <span class='ocrx_word' id='word_1_151' title='bbox 1336 2117 1480 2174; x_wconf 91' lang='lat' dir='ltr'><strong>memoria</strong></span> 
     </span>
     <span class='ocr_line' id='line_1_17' title="bbox 276 2213 1480 2305; baseline -0.002 -19"><span class='ocrx_word' id='word_1_152' title='bbox 276 2227 452 2298; x_wconf 73' lang='lat' dir='ltr'><strong>evanuerint</strong></span> <span class='ocrx_word' id='word_1_153' title='bbox 474 2229 507 2287; x_wconf 90' lang='lat' dir='ltr'><strong>ut</strong></span> <span class='ocrx_word' id='word_1_154' title='bbox 529 2227 685 2300; x_wconf 85' lang='lat' dir='ltr'><strong>Himerius,</strong></span> <span class='ocrx_word' id='word_1_155' title='bbox 709 2227 759 2305; x_wconf 90' lang='lat' dir='ltr'><strong>qui</strong></span> <span class='ocrx_word' id='word_1_156' title='bbox 782 2226 856 2287; x_wconf 91' lang='lat' dir='ltr'><strong>haee</strong></span> <span class='ocrx_word' id='word_1_157' title='bbox 870 2228 961 2304; x_wconf 91' lang='lat' dir='ltr'><strong>prisci</strong></span> <span class='ocrx_word' id='word_1_158' title='bbox 984 2227 1175 2287; x_wconf 91' lang='lat' dir='ltr'><strong>Anacreontis</strong></span> <span class='ocrx_word' id='word_1_159' title='bbox 1191 2226 1320 2286; x_wconf 90' lang='lat' dir='ltr'><strong>carmina</strong></span> <span class='ocrx_word' id='word_1_160' title='bbox 1342 2213 1480 2302; x_wconf 87' lang='lat' dir='ltr'><strong>plurimis</strong></span> 
     </span>
     <span class='ocr_line' id='line_1_18' title="bbox 272 2336 1481 2414; baseline -0.001 -17"><span class='ocrx_word' id='word_1_161' title='bbox 272 2353 391 2414; x_wconf 91' lang='lat' dir='ltr'><strong>prorsus</strong></span> <span class='ocrx_word' id='word_1_162' title='bbox 406 2339 505 2414; x_wconf 84' lang='lat' dir='ltr'><strong>ignota</strong></span> <span class='ocrx_word' id='word_1_163' title='bbox 518 2339 607 2410; x_wconf 81' lang='lat' dir='ltr'><strong>nouit,</strong></span> <span class='ocrx_word' id='word_1_164' title='bbox 631 2339 789 2399; x_wconf 86' lang='lat' dir='ltr'><strong>doctrinam</strong></span> <span class='ocrx_word' id='word_1_165' title='bbox 805 2355 888 2398; x_wconf 93' lang='lat' dir='ltr'><strong>suam</strong></span> <span class='ocrx_word' id='word_1_166' title='bbox 911 2354 979 2398; x_wconf 91' lang='lat' dir='ltr'><strong>eum</strong></span> <span class='ocrx_word' id='word_1_167' title='bbox 995 2337 1182 2398; x_wconf 86' lang='lat' dir='ltr'><strong>ostentatione</strong></span> <span class='ocrx_word' id='word_1_168' title='bbox 1198 2337 1324 2414; x_wconf 88' lang='lat' dir='ltr'><strong>quadam</strong></span> <span class='ocrx_word' id='word_1_169' title='bbox 1341 2336 1481 2398; x_wconf 86' lang='lat' dir='ltr'><strong>exhibere</strong></span> 
     </span>
     <span class='ocr_line' id='line_1_19' title="bbox 271 2445 1482 2527; baseline -0.001 -20"><span class='ocrx_word' id='word_1_170' title='bbox 271 2449 404 2525; x_wconf 90' lang='lat' dir='ltr'><strong>potuerit.</strong></span> <span class='ocrx_word' id='word_1_171' title='bbox 459 2447 609 2509; x_wconf 90' lang='lat' dir='ltr'><strong>Himerius</strong></span> <span class='ocrx_word' id='word_1_172' title='bbox 641 2449 731 2527; x_wconf 81' lang='lat' dir='ltr'><strong>igitur</strong></span> <span class='ocrx_word' id='word_1_173' title='bbox 764 2450 860 2508; x_wconf 92' lang='lat' dir='ltr'><strong>omnia</strong></span> <span class='ocrx_word' id='word_1_174' title='bbox 890 2449 1080 2509; x_wconf 89' lang='lat' dir='ltr'><strong>Anacreontis</strong></span> <span class='ocrx_word' id='word_1_175' title='bbox 1111 2448 1240 2508; x_wconf 79' lang='lat' dir='ltr'><strong>carmina</strong></span> <span class='ocrx_word' id='word_1_176' title='bbox 1272 2447 1344 2526; x_wconf 90' lang='lat' dir='ltr'><strong>quin</strong></span> <span class='ocrx_word' id='word_1_177' title='bbox 1372 2445 1482 2524; x_wconf 88' lang='lat' dir='ltr'><strong>legerit</strong></span> 
     </span>
     <span class='ocr_line' id='line_1_20' title="bbox 274 2548 1481 2636; baseline 0.001 -19"><span class='ocrx_word' id='word_1_178' title='bbox 274 2557 394 2634; x_wconf 87' lang='lat' dir='ltr'><strong>dubium</strong></span> <span class='ocrx_word' id='word_1_179' title='bbox 418 2575 474 2618; x_wconf 94' lang='lat' dir='ltr'><strong>nen</strong></span> <span class='ocrx_word' id='word_1_180' title='bbox 497 2562 549 2619; x_wconf 91' lang='lat' dir='ltr'><strong>est.</strong></span> <span class='ocrx_word' id='word_1_181' title='bbox 594 2558 674 2620; x_wconf 91' lang='lat' dir='ltr'><strong>Haeo</strong></span> <span class='ocrx_word' id='word_1_182' title='bbox 695 2562 793 2620; x_wconf 90' lang='lat' dir='ltr'><strong>autem</strong></span> <span class='ocrx_word' id='word_1_183' title='bbox 825 2560 953 2620; x_wconf 88' lang='lat' dir='ltr'><strong>carmina</strong></span> <span class='ocrx_word' id='word_1_184' title='bbox 976 2548 1131 2619; x_wconf 70' lang='grc' dir='ltr'><strong>ἀντίθετα</strong></span> <span class='ocrx_word' id='word_1_185' title='bbox 1161 2558 1292 2636; x_wconf 87' lang='lat' dir='ltr'><strong>opposita</strong></span> <span class='ocrx_word' id='word_1_186' title='bbox 1321 2559 1389 2618; x_wconf 89' lang='lat' dir='ltr'><strong>sunt</strong></span> <span class='ocrx_word' id='word_1_187' title='bbox 1409 2556 1481 2618; x_wconf 87' lang='lat' dir='ltr'><strong>aliis</strong></span> 
     </span>
     <span class='ocr_line' id='line_1_21' title="bbox 273 2669 1482 2748; baseline 0.001 -21"><span class='ocrx_word' id='word_1_188' title='bbox 273 2669 369 2747; x_wconf 90' lang='lat' dir='ltr'><strong>iisque</strong></span> <span class='ocrx_word' id='word_1_189' title='bbox 390 2670 527 2748; x_wconf 87' lang='lat' dir='ltr'><strong>plurimis</strong></span> <span class='ocrx_word' id='word_1_190' title='bbox 549 2671 726 2742; x_wconf 88' lang='lat' dir='ltr'><strong>notissimis;</strong></span> <span class='ocrx_word' id='word_1_191' title='bbox 758 2672 822 2731; x_wconf 89' lang='lat' dir='ltr'><strong>eius</strong></span> <span class='ocrx_word' id='word_1_192' title='bbox 843 2671 934 2748; x_wconf 82' lang='lat' dir='ltr'><strong>igitur</strong></span> <span class='ocrx_word' id='word_1_193' title='bbox 954 2672 1084 2747; x_wconf 83' lang='lat' dir='ltr'><strong>tempore</strong></span> <span class='ocrx_word' id='word_1_194' title='bbox 1107 2669 1236 2730; x_wconf 88' lang='lat' dir='ltr'><strong>delectus</strong></span> <span class='ocrx_word' id='word_1_195' title='bbox 1258 2670 1370 2729; x_wconf 66' lang='lat' dir='ltr'><strong>mutum</strong></span> <span class='ocrx_word' id='word_1_196' title='bbox 1393 2685 1482 2746; x_wconf 91' lang='lat' dir='ltr'><strong>quor·</strong></span> 
     </span>
     <span class='ocr_line' id='line_1_22' title="bbox 274 2780 1481 2859; baseline 0.001 -20"><span class='ocrx_word' id='word_1_197' title='bbox 274 2780 382 2841; x_wconf 89' lang='lat' dir='ltr'><strong>undam</strong></span> <span class='ocrx_word' id='word_1_198' title='bbox 416 2783 606 2843; x_wconf 88' lang='lat' dir='ltr'><strong>Anacreontis</strong></span> <span class='ocrx_word' id='word_1_199' title='bbox 639 2781 802 2842; x_wconf 89' lang='lat' dir='ltr'><strong>carminum</strong></span> <span class='ocrx_word' id='word_1_200' title='bbox 832 2782 868 2843; x_wconf 90' lang='lat' dir='ltr'><strong>ab</strong></span> <span class='ocrx_word' id='word_1_201' title='bbox 901 2782 1035 2843; x_wconf 89' lang='lat' dir='ltr'><strong>omuibus</strong></span> <span class='ocrx_word' id='word_1_202' title='bbox 1066 2781 1226 2859; x_wconf 83' lang='lat' dir='ltr'><strong>legebatur,</strong></span> <span class='ocrx_word' id='word_1_203' title='bbox 1259 2783 1336 2841; x_wconf 90' lang='lat' dir='ltr'><strong>certe</strong></span> <span class='ocrx_word' id='word_1_204' title='bbox 1370 2797 1481 2853; x_wconf 89' lang='lat' dir='ltr'><strong>corum,</strong></span> 
     </span>
     <span class='ocr_line' id='line_1_23' title="bbox 275 2892 1482 2971; baseline 0 -21"><span class='ocrx_word' id='word_1_205' title='bbox 275 2907 350 2968; x_wconf 88' lang='lat' dir='ltr'><strong>quae</strong></span> <span class='ocrx_word' id='word_1_206' title='bbox 372 2893 491 2969; x_wconf 86' lang='lat' dir='ltr'><strong>perinde</strong></span> <span class='ocrx_word' id='word_1_207' title='bbox 513 2894 598 2971; x_wconf 90' lang='lat' dir='ltr'><strong>atque</strong></span> <span class='ocrx_word' id='word_1_208' title='bbox 631 2892 730 2952; x_wconf 88' lang='lat' dir='ltr'><strong>odaria</strong></span> <span class='ocrx_word' id='word_1_209' title='bbox 759 2894 968 2953; x_wconf 87' lang='lat' dir='ltr'><strong>Anacreontica</strong></span> <span class='ocrx_word' id='word_1_210' title='bbox 996 2909 1149 2969; x_wconf 86' lang='lat' dir='ltr'><strong>personam</strong></span> <span class='ocrx_word' id='word_1_211' title='bbox 1177 2893 1339 2969; x_wconf 91' lang='lat' dir='ltr'><strong>proponunt</strong></span> <span class='ocrx_word' id='word_1_212' title='bbox 1368 2893 1482 2967; x_wconf 89' lang='lat' dir='ltr'><strong>poetae,</strong></span> 
     </span>
     <span class='ocr_line' id='line_1_24' title="bbox 272 3002 1483 3082; baseline -0.002 -19"><span class='ocrx_word' id='word_1_213' title='bbox 272 3003 360 3080; x_wconf 88' lang='lat' dir='ltr'><strong>atque</strong></span> <span class='ocrx_word' id='word_1_214' title='bbox 381 3003 526 3082; x_wconf 91' lang='lat' dir='ltr'><strong>imprimis</strong></span> <span class='ocrx_word' id='word_1_215' title='bbox 549 3004 621 3075; x_wconf 90' lang='lat' dir='ltr'><strong>eius,</strong></span> <span class='ocrx_word' id='word_1_216' title='bbox 644 3003 695 3081; x_wconf 89' lang='lat' dir='ltr'><strong>qui</strong></span> <span class='ocrx_word' id='word_1_217' title='bbox 717 3005 866 3064; x_wconf 85' lang='lat' dir='ltr'><strong>senectute</strong></span> <span class='ocrx_word' id='word_1_218' title='bbox 889 3004 1006 3081; x_wconf 90' lang='lat' dir='ltr'><strong>quidem</strong></span> <span class='ocrx_word' id='word_1_219' title='bbox 1029 3019 1184 3080; x_wconf 82' lang='lat' dir='ltr'><strong>oppressus</strong></span> <span class='ocrx_word' id='word_1_220' title='bbox 1215 3004 1312 3062; x_wconf 88' lang='lat' dir='ltr'><strong>tamen</strong></span> <span class='ocrx_word' id='word_1_221' title='bbox 1335 3002 1426 3062; x_wconf 90' lang='lat' dir='ltr'><strong>amori</strong></span> <span class='ocrx_word' id='word_1_222' title='bbox 1450 3006 1483 3061; x_wconf 88' lang='lat' dir='ltr'><strong>st</strong></span> 
     </span>
     <span class='ocr_line' id='line_1_25' title="bbox 273 3113 1482 3192; baseline -0.001 -19"><span class='ocrx_word' id='word_1_223' title='bbox 273 3113 340 3174; x_wconf 84' lang='lat' dir='ltr'><strong>uiuo</strong></span> <span class='ocrx_word' id='word_1_224' title='bbox 371 3115 486 3174; x_wconf 90' lang='lat' dir='ltr'><strong>deditus</strong></span> <span class='ocrx_word' id='word_1_225' title='bbox 517 3131 581 3175; x_wconf 87' lang='lat' dir='ltr'><strong>esse</strong></span> <span class='ocrx_word' id='word_1_226' title='bbox 614 3132 670 3175; x_wconf 92' lang='lat' dir='ltr'><strong>uon</strong></span> <span class='ocrx_word' id='word_1_227' title='bbox 703 3115 829 3175; x_wconf 89' lang='lat' dir='ltr'><strong>desierit.</strong></span> <span class='ocrx_word' id='word_1_228' title='bbox 872 3113 1032 3175; x_wconf 88' lang='lat' dir='ltr'><strong>Hominum</strong></span> <span class='ocrx_word' id='word_1_229' title='bbox 1055 3115 1253 3192; x_wconf 87' lang='lat' dir='ltr'><strong>posteriorum,</strong></span> <span class='ocrx_word' id='word_1_230' title='bbox 1284 3113 1335 3190; x_wconf 90' lang='lat' dir='ltr'><strong>qui</strong></span> <span class='ocrx_word' id='word_1_231' title='bbox 1363 3115 1482 3190; x_wconf 89' lang='lat' dir='ltr'><strong>poetam</strong></span> 
     </span>
     <span class='ocr_line' id='line_1_26' title="bbox 273 3224 1483 3303; baseline 0.001 -20"><span class='ocrx_word' id='word_1_232' title='bbox 273 3226 365 3285; x_wconf 90' lang='lat' dir='ltr'><strong>totum</strong></span> <span class='ocrx_word' id='word_1_233' title='bbox 386 3226 535 3303; x_wconf 90' lang='lat' dir='ltr'><strong>percipere</strong></span> <span class='ocrx_word' id='word_1_234' title='bbox 558 3243 614 3287; x_wconf 95' lang='lat' dir='ltr'><strong>non</strong></span> <span class='ocrx_word' id='word_1_235' title='bbox 635 3227 775 3302; x_wconf 85' lang='lat' dir='ltr'><strong>poteraut,</strong></span> <span class='ocrx_word' id='word_1_236' title='bbox 807 3227 858 3286; x_wconf 89' lang='lat' dir='ltr'><strong>sed</strong></span> <span class='ocrx_word' id='word_1_237' title='bbox 881 3225 945 3286; x_wconf 89' lang='lat' dir='ltr'><strong>eius</strong></span> <span class='ocrx_word' id='word_1_238' title='bbox 976 3225 1106 3285; x_wconf 88' lang='lat' dir='ltr'><strong>notitiam</strong></span> <span class='ocrx_word' id='word_1_239' title='bbox 1137 3224 1284 3285; x_wconf 90' lang='lat' dir='ltr'><strong>habebant</strong></span> <span class='ocrx_word' id='word_1_240' title='bbox 1305 3225 1424 3302; x_wconf 91' lang='lat' dir='ltr'><strong>proptor</strong></span> <span class='ocrx_word' id='word_1_241' title='bbox 1446 3241 1483 3284; x_wconf 90' lang='lat' dir='ltr'><strong>ea</strong></span> 
     </span>
     <span class='ocr_line' id='line_1_27' title="bbox 273 3321 1528 3414; baseline 0 -20"><span class='ocrx_word' id='word_1_242' title='bbox 273 3336 394 3412; x_wconf 74' lang='lat' dir='ltr'><strong>tantm,</strong></span> <span class='ocrx_word' id='word_1_243' title='bbox 418 3353 491 3414; x_wconf 89' lang='lat' dir='ltr'><strong>quae</strong></span> <span class='ocrx_word' id='word_1_244' title='bbox 513 3336 544 3396; x_wconf 93' lang='lat' dir='ltr'><strong>in</strong></span> <span class='ocrx_word' id='word_1_245' title='bbox 567 3352 599 3396; x_wconf 92' lang='lat' dir='ltr'><strong>eo</strong></span> <span class='ocrx_word' id='word_1_246' title='bbox 622 3337 747 3397; x_wconf 86' lang='lat' dir='ltr'><strong>maxims</strong></span> <span class='ocrx_word' id='word_1_247' title='bbox 761 3337 891 3414; x_wconf 84' lang='lat' dir='ltr'><strong>insignia</strong></span> <span class='ocrx_word' id='word_1_248' title='bbox 905 3336 942 3395; x_wconf 91' lang='lat' dir='ltr'><strong>iis</strong></span> <span class='ocrx_word' id='word_1_249' title='bbox 965 3353 1029 3396; x_wconf 90' lang='lat' dir='ltr'><strong>esse</strong></span> <span class='ocrx_word' id='word_1_250' title='bbox 1043 3336 1225 3406; x_wconf 85' lang='lat' dir='ltr'><strong>uidebantur,</strong></span> <span class='ocrx_word' id='word_1_251' title='bbox 1247 3334 1320 3394; x_wconf 90' lang='lat' dir='ltr'><strong>haec</strong></span> <span class='ocrx_word' id='word_1_252' title='bbox 1342 3335 1379 3394; x_wconf 83' lang='lat' dir='ltr'><strong>ds</strong></span> <span class='ocrx_word' id='word_1_253' title='bbox 1393 3337 1482 3410; x_wconf 88' lang='lat' dir='ltr'><strong>poeta</strong></span> <span class='ocrx_word' id='word_1_254' title='bbox 1527 3321 1528 3404; x_wconf 75' lang='lat' dir='ltr'><strong>l</strong></span> 
     </span>
    </p>
   </div>
   <div class='ocr_carea' id='block_1_3' title="bbox 276 3504 1486 4524">
    <p class='ocr_par' dir='ltr' id='par_1_3' title="bbox 276 3504 1486 4178">
     <span class='ocr_line' id='line_1_28' title="bbox 345 3504 1485 3586; baseline 0.001 -18"><span class='ocrx_word' id='word_1_255' title='bbox 345 3518 370 3584; x_wconf 75' lang='lat'><strong>2)</strong></span> <span class='ocrx_word' id='word_1_256' title='bbox 388 3523 491 3568; x_wconf 81' lang='lat' dir='ltr'><strong>Metram</strong></span> <span class='ocrx_word' id='word_1_257' title='bbox 505 3527 556 3569; x_wconf 89' lang='lat' dir='ltr'><strong>est:</strong></span> <span class='ocrx_word' id='word_1_258' title='bbox 572 3537 874 3565; x_wconf 76' lang='grc' dir='ltr'><strong>-υυ-υ-υυ-υ</strong></span> <span class='ocrx_word' id='word_1_259' title='bbox 894 3504 897 3586; x_wconf 62' lang='lat' dir='ltr'><strong>l</strong></span> <span class='ocrx_word' id='word_1_260' title='bbox 916 3536 1102 3576; x_wconf 77' lang='grc' dir='ltr'>-υ-υ--,</span> <span class='ocrx_word' id='word_1_261' title='bbox 1123 3521 1189 3568; x_wconf 87' lang='lat' dir='ltr'><strong>idem</strong></span> <span class='ocrx_word' id='word_1_262' title='bbox 1201 3526 1275 3579; x_wconf 84' lang='lat' dir='ltr'><strong>atque</strong></span> <span class='ocrx_word' id='word_1_263' title='bbox 1290 3520 1382 3580; x_wconf 73' lang='lat' dir='ltr'><strong>Sapph.</strong></span> <span class='ocrx_word' id='word_1_264' title='bbox 1396 3521 1428 3569; x_wconf 82' lang='lat' dir='ltr'><strong>fr.</strong></span> <span class='ocrx_word' id='word_1_265' title='bbox 1440 3523 1485 3582; x_wconf 73' lang='lat'><strong>86,</strong></span> 
     </span>
     <span class='ocr_line' id='line_1_29' title="bbox 277 3605 1486 3669; baseline -0.002 -15"><span class='ocrx_word' id='word_1_266' title='bbox 277 3606 389 3654; x_wconf 85' lang='lat' dir='ltr'><strong>sednon</strong></span> <span class='ocrx_word' id='word_1_267' title='bbox 408 3621 438 3654; x_wconf 88' lang='lat' dir='ltr'><strong>ex</strong></span> <span class='ocrx_word' id='word_1_268' title='bbox 455 3608 551 3656; x_wconf 87' lang='lat' dir='ltr'><strong>aeolica</strong></span> <span class='ocrx_word' id='word_1_269' title='bbox 569 3610 636 3669; x_wconf 89' lang='lat' dir='ltr'><strong>poesi</strong></span> <span class='ocrx_word' id='word_1_270' title='bbox 663 3609 693 3655; x_wconf 85' lang='lat' dir='ltr'><strong>sb</strong></span> <span class='ocrx_word' id='word_1_271' title='bbox 720 3609 875 3656; x_wconf 73' lang='lat' dir='ltr'><strong>Anacreonte</strong></span> <span class='ocrx_word' id='word_1_272' title='bbox 894 3609 1013 3669; x_wconf 73' lang='lat' dir='ltr'><strong>petitum3</strong></span> <span class='ocrx_word' id='word_1_273' title='bbox 1040 3609 1153 3668; x_wconf 86' lang='lat' dir='ltr'><strong>dactylus</strong></span> <span class='ocrx_word' id='word_1_274' title='bbox 1178 3620 1223 3667; x_wconf 93' lang='lat' dir='ltr'><strong>pro</strong></span> <span class='ocrx_word' id='word_1_275' title='bbox 1247 3605 1362 3652; x_wconf 78' lang='lat' dir='ltr'><strong>trochaeo</strong></span> <span class='ocrx_word' id='word_1_276' title='bbox 1388 3606 1486 3664; x_wconf 87' lang='lat' dir='ltr'><strong>positus</strong></span> 
     </span>
     <span class='ocr_line' id='line_1_30' title="bbox 276 3691 1485 3754; baseline -0.002 -15"><span class='ocrx_word' id='word_1_277' title='bbox 276 3693 386 3740; x_wconf 87' lang='lat' dir='ltr'><strong>ionicum</strong></span> <span class='ocrx_word' id='word_1_278' title='bbox 404 3707 502 3753; x_wconf 88' lang='lat' dir='ltr'><strong>quoque</strong></span> <span class='ocrx_word' id='word_1_279' title='bbox 521 3693 596 3742; x_wconf 81' lang='lat' dir='ltr'><strong>tuisse</strong></span> <span class='ocrx_word' id='word_1_280' title='bbox 613 3694 714 3742; x_wconf 82' lang='lat' dir='ltr'><strong>indicat.</strong></span> <span class='ocrx_word' id='word_1_281' title='bbox 751 3693 895 3742; x_wconf 84' lang='lat' dir='ltr'><strong>Diismbum</strong></span> <span class='ocrx_word' id='word_1_282' title='bbox 921 3707 976 3741; x_wconf 88' lang='lat' dir='ltr'><strong>cum</strong></span> <span class='ocrx_word' id='word_1_283' title='bbox 995 3693 1156 3754; x_wconf 84' lang='lat' dir='ltr'><strong>ithyphallico</strong></span> <span class='ocrx_word' id='word_1_284' title='bbox 1181 3691 1338 3740; x_wconf 86' lang='lat' dir='ltr'><strong>coniunctum</strong></span> <span class='ocrx_word' id='word_1_285' title='bbox 1361 3691 1440 3738; x_wconf 86' lang='lat' dir='ltr'><strong>habes</strong></span> <span class='ocrx_word' id='word_1_286' title='bbox 1459 3693 1485 3737; x_wconf 90' lang='lat' dir='ltr'><strong>in</strong></span> 
     </span>
     <span class='ocr_line' id='line_1_31' title="bbox 277 3760 1486 3843; baseline 0 -20"><span class='ocrx_word' id='word_1_287' title='bbox 277 3778 305 3824; x_wconf 75' lang='lat' dir='ltr'><strong>rr.</strong></span> <span class='ocrx_word' id='word_1_288' title='bbox 320 3779 353 3826; x_wconf 90' lang='lat' dir='ltr'><strong>eo</strong></span> <span class='ocrx_word' id='word_1_289' title='bbox 372 3777 463 3842; x_wconf 71' lang='lat' dir='ltr'><strong>(nepo.</strong></span> <span class='ocrx_word' id='word_1_290' title='bbox 478 3793 503 3839; x_wconf 81' lang='lat' dir='ltr'><strong>p.</strong></span> <span class='ocrx_word' id='word_1_291' title='bbox 518 3780 549 3827; x_wconf 83' lang='lat' dir='ltr'><strong>oo</strong></span> <span class='ocrx_word' id='word_1_292' title='bbox 562 3778 632 3843; x_wconf 77' lang='lat' dir='ltr'><strong>w.)=</strong></span> <span class='ocrx_word' id='word_1_293' title='bbox 650 3813 668 3821; x_wconf 83' lang='lat'><strong>-</strong></span> <span class='ocrx_word' id='word_1_294' title='bbox 679 3795 701 3821; x_wconf 71' lang='lat' dir='ltr'><strong>o</strong></span> <span class='ocrx_word' id='word_1_295' title='bbox 712 3794 825 3822; x_wconf 69' lang='lat' dir='ltr'><strong>o-o-</strong></span> <span class='ocrx_word' id='word_1_296' title='bbox 836 3794 888 3822; x_wconf 69' lang='lat' dir='ltr'><strong>o-</strong></span> <span class='ocrx_word' id='word_1_297' title='bbox 909 3760 912 3842; x_wconf 76' lang='lat' dir='ltr'><strong>l</strong></span> <span class='ocrx_word' id='word_1_298' title='bbox 932 3812 951 3821; x_wconf 90' lang='lat'><strong>-</strong></span> <span class='ocrx_word' id='word_1_299' title='bbox 962 3793 1015 3822; x_wconf 73' lang='grc' dir='ltr'><strong>ο-</strong></span> <span class='ocrx_word' id='word_1_300' title='bbox 1027 3793 1079 3821; x_wconf 69' lang='lat' dir='ltr'><strong>o-</strong></span> <span class='ocrx_word' id='word_1_301' title='bbox 1090 3809 1128 3822; x_wconf 91' lang='lat'><strong>-.</strong></span> <span class='ocrx_word' id='word_1_302' title='bbox 1152 3777 1256 3824; x_wconf 69' lang='lat' dir='ltr'><strong>meorum</strong></span> <span class='ocrx_word' id='word_1_303' title='bbox 1274 3776 1372 3835; x_wconf 78' lang='lat' dir='ltr'><strong>quidem</strong></span> <span class='ocrx_word' id='word_1_304' title='bbox 1385 3778 1486 3837; x_wconf 77' lang='lat' dir='ltr'><strong>saeptus</strong></span> 
     </span>
     <span class='ocr_line' id='line_1_32' title="bbox 280 3859 1485 3928; baseline -0.001 -20"><span class='ocrx_word' id='word_1_305' title='bbox 280 3864 305 3909; x_wconf 91' lang='lat' dir='ltr'><strong>in</strong></span> <span class='ocrx_word' id='word_1_306' title='bbox 324 3864 451 3924; x_wconf 75' lang='lat' dir='ltr'><strong>tragoedis</strong></span> <span class='ocrx_word' id='word_1_307' title='bbox 470 3865 534 3912; x_wconf 88' lang='lat' dir='ltr'><strong>redit</strong></span> <span class='ocrx_word' id='word_1_308' title='bbox 551 3870 576 3913; x_wconf 88' lang='lat' dir='ltr'><strong>ct</strong></span> <span class='ocrx_word' id='word_1_309' title='bbox 594 3865 761 3914; x_wconf 77' lang='lat' dir='ltr'><strong>Callimachus</strong></span> <span class='ocrx_word' id='word_1_310' title='bbox 780 3880 877 3926; x_wconf 89' lang='lat' dir='ltr'><strong>quoque</strong></span> <span class='ocrx_word' id='word_1_311' title='bbox 897 3865 1009 3913; x_wconf 87' lang='lat' dir='ltr'><strong>adhibuit</strong></span> <span class='ocrx_word' id='word_1_312' title='bbox 1026 3862 1068 3928; x_wconf 85' lang='lat' dir='ltr'><strong>(cf.</strong></span> <span class='ocrx_word' id='word_1_313' title='bbox 1087 3863 1170 3923; x_wconf 85' lang='lat' dir='ltr'><strong>Heph.</strong></span> <span class='ocrx_word' id='word_1_314' title='bbox 1188 3878 1212 3922; x_wconf 94' lang='lat' dir='ltr'><strong>p.</strong></span> <span class='ocrx_word' id='word_1_315' title='bbox 1232 3864 1264 3910; x_wconf 80' lang='grc'><strong>54</strong></span> <span class='ocrx_word' id='word_1_316' title='bbox 1276 3859 1337 3919; x_wconf 80' lang='lat' dir='ltr'><strong>W.l‚</strong></span> <span class='ocrx_word' id='word_1_317' title='bbox 1354 3862 1397 3909; x_wconf 87' lang='lat' dir='ltr'><strong>sed</strong></span> <span class='ocrx_word' id='word_1_318' title='bbox 1410 3863 1485 3921; x_wconf 89' lang='lat' dir='ltr'><strong>primi</strong></span> 
     </span>
     <span class='ocr_line' id='line_1_33' title="bbox 278 3944 1486 4014; baseline -0.002 -19"><span class='ocrx_word' id='word_1_319' title='bbox 278 3947 355 3996; x_wconf 75' lang='lat' dir='ltr'><strong>iambi</strong></span> <span class='ocrx_word' id='word_1_320' title='bbox 373 3950 496 3998; x_wconf 77' lang='lat' dir='ltr'><strong>ansclssis</strong></span> <span class='ocrx_word' id='word_1_321' title='bbox 513 3951 560 3998; x_wconf 92' lang='lat' dir='ltr'><strong>hoc</strong></span> <span class='ocrx_word' id='word_1_322' title='bbox 579 3956 673 3999; x_wconf 82' lang='lat' dir='ltr'><strong>tentum</strong></span> <span class='ocrx_word' id='word_1_323' title='bbox 692 3953 748 3999; x_wconf 94' lang='lat' dir='ltr'><strong>loco</strong></span> <span class='ocrx_word' id='word_1_324' title='bbox 766 3952 873 3998; x_wconf 86' lang='lat' dir='ltr'><strong>inveniri</strong></span> <span class='ocrx_word' id='word_1_325' title='bbox 886 3951 990 3998; x_wconf 85' lang='lat' dir='ltr'><strong>ridetur.</strong></span> <span class='ocrx_word' id='word_1_326' title='bbox 1004 3976 1037 3986; x_wconf 95' lang='lat'>-</span> <span class='ocrx_word' id='word_1_327' title='bbox 1055 3949 1138 4008; x_wconf 75' lang='lat' dir='ltr'><strong>Bergk</strong></span> <span class='ocrx_word' id='word_1_328' title='bbox 1152 3945 1252 4014; x_wconf 82' lang='lat' dir='ltr'><strong>(Anser.</strong></span> <span class='ocrx_word' id='word_1_329' title='bbox 1266 3961 1289 4006; x_wconf 93' lang='lat' dir='ltr'><strong>p.</strong></span> <span class='ocrx_word' id='word_1_330' title='bbox 1304 3944 1364 4005; x_wconf 74' lang='lat'><strong>287)</strong></span> <span class='ocrx_word' id='word_1_331' title='bbox 1380 3947 1486 3995; x_wconf 87' lang='lat' dir='ltr'><strong>coniecit</strong></span> 
     </span>
     <span class='ocr_line' id='line_1_34' title="bbox 277 4033 1485 4096; baseline -0.002 -16"><span class='ocrx_word' id='word_1_332' title='bbox 277 4034 376 4082; x_wconf 89' lang='lat' dir='ltr'><strong>initium</strong></span> <span class='ocrx_word' id='word_1_333' title='bbox 395 4049 448 4082; x_wconf 84' lang='lat' dir='ltr'><strong>esse</strong></span> <span class='ocrx_word' id='word_1_334' title='bbox 467 4037 584 4084; x_wconf 89' lang='lat' dir='ltr'><strong>carminis</strong></span> <span class='ocrx_word' id='word_1_335' title='bbox 600 4037 627 4083; x_wconf 90' lang='lat' dir='ltr'><strong>in</strong></span> <span class='ocrx_word' id='word_1_336' title='bbox 645 4037 742 4084; x_wconf 81' lang='lat' dir='ltr'><strong>laudem</strong></span> <span class='ocrx_word' id='word_1_337' title='bbox 761 4035 900 4096; x_wconf 83' lang='lat' dir='ltr'><strong>Hipparchi</strong></span> <span class='ocrx_word' id='word_1_338' title='bbox 918 4035 1012 4095; x_wconf 87' lang='lat' dir='ltr'><strong>scripti,</strong></span> <span class='ocrx_word' id='word_1_339' title='bbox 1030 4034 1095 4094; x_wconf 89' lang='lat' dir='ltr'><strong>qued</strong></span> <span class='ocrx_word' id='word_1_340' title='bbox 1113 4038 1258 4094; x_wconf 77' lang='lat' dir='ltr'><strong>argumento</strong></span> <span class='ocrx_word' id='word_1_341' title='bbox 1277 4033 1415 4079; x_wconf 80' lang='lat' dir='ltr'><strong>confirmari</strong></span> <span class='ocrx_word' id='word_1_342' title='bbox 1436 4048 1485 4080; x_wconf 87' lang='lat' dir='ltr'><strong>non</strong></span> 
     </span>
     <span class='ocr_line' id='line_1_35' title="bbox 281 4125 368 4178; baseline 0.034 -13"><span class='ocrx_word' id='word_1_343' title='bbox 281 4125 368 4178; x_wconf 82' lang='lat' dir='ltr'><strong>potest.</strong></span> 
     </span>
    </p>

    <p class='ocr_par' dir='ltr' id='par_1_4' title="bbox 279 4193 1485 4524">
     <span class='ocr_line' id='line_1_36' title="bbox 349 4193 1484 4272; baseline -0.004 -20"><span class='ocrx_word' id='word_1_344' title='bbox 349 4202 376 4270; x_wconf 77' lang='grc'><strong>3)</strong></span> <span class='ocrx_word' id='word_1_345' title='bbox 396 4206 513 4254; x_wconf 84' lang='lat' dir='ltr'><strong>Similiter</strong></span> <span class='ocrx_word' id='word_1_346' title='bbox 526 4207 618 4256; x_wconf 81' lang='lat' dir='ltr'><strong>Athen.</strong></span> <span class='ocrx_word' id='word_1_347' title='bbox 631 4207 653 4252; x_wconf 92' lang='lat' dir='ltr'>V</span> <span class='ocrx_word' id='word_1_348' title='bbox 667 4209 737 4254; x_wconf 75' lang='lat'><strong>2140</strong></span> <span class='ocrx_word' id='word_1_349' title='bbox 748 4203 789 4272; x_wconf 69' lang='lat' dir='ltr'><strong>(de</strong></span> <span class='ocrx_word' id='word_1_350' title='bbox 798 4207 955 4266; x_wconf 87' lang='lat' dir='ltr'><strong>Apelliconts</strong></span> <span class='ocrx_word' id='word_1_351' title='bbox 967 4202 1049 4268; x_wconf 84' lang='lat' dir='ltr'><strong>Tsio):</strong></span> <span class='ocrx_word' id='word_1_352' title='bbox 1070 4241 1075 4253; x_wconf 93' lang='lat'>.</span> <span class='ocrx_word' id='word_1_353' title='bbox 1090 4239 1095 4250; x_wconf 94' lang='lat'>.</span> <span class='ocrx_word' id='word_1_354' title='bbox 1111 4241 1116 4252; x_wconf 95' lang='lat'><em>.</em></span> <span class='ocrx_word' id='word_1_355' title='bbox 1131 4200 1175 4253; x_wconf 74' lang='grc' dir='ltr'><strong>καὶ</strong></span> <span class='ocrx_word' id='word_1_356' title='bbox 1192 4200 1221 4252; x_wconf 76' lang='grc' dir='ltr'><strong>ἐκ</strong></span> <span class='ocrx_word' id='word_1_357' title='bbox 1233 4200 1283 4254; x_wconf 80' lang='grc' dir='ltr'><strong>τῶν</strong></span> <span class='ocrx_word' id='word_1_358' title='bbox 1295 4193 1377 4252; x_wconf 79' lang='grc' dir='ltr'>ἄλλων</span> <span class='ocrx_word' id='word_1_359' title='bbox 1389 4197 1484 4252; x_wconf 79' lang='grc' dir='ltr'>πόλεων</span> 
     </span>
     <span class='ocr_line' id='line_1_37' title="bbox 280 4282 1485 4357; baseline -0.002 -18"><span class='ocrx_word' id='word_1_360' title='bbox 280 4288 304 4340; x_wconf 80' lang='lat' dir='ltr'><strong>ai</strong></span> <span class='ocrx_word' id='word_1_361' title='bbox 320 4305 344 4340; x_wconf 86' lang='grc' dir='ltr'><strong>τι</strong></span> <span class='ocrx_word' id='word_1_362' title='bbox 361 4285 466 4342; x_wconf 77' lang='grc' dir='ltr'>παλαιόν</span> <span class='ocrx_word' id='word_1_363' title='bbox 486 4289 584 4355; x_wconf 74' lang='grc' dir='ltr'><strong>εἴηκαὶ</strong></span> <span class='ocrx_word' id='word_1_364' title='bbox 603 4287 729 4342; x_wconf 77' lang='lat' dir='ltr'><strong>o’rro‘bcros</strong></span> <span class='ocrx_word' id='word_1_365' title='bbox 748 4282 944 4357; x_wconf 63' lang='grc' dir='ltr'>(ὑφαιρούμενος</span> <span class='ocrx_word' id='word_1_366' title='bbox 962 4286 1072 4355; x_wconf 75' lang='grc' dir='ltr'><strong>ἐκτᾶτο),</strong></span> <span class='ocrx_word' id='word_1_367' title='bbox 1091 4289 1210 4338; x_wconf 80' lang='lat' dir='ltr'><strong>Themist.</strong></span> <span class='ocrx_word' id='word_1_368' title='bbox 1222 4303 1256 4335; x_wconf 86' lang='lat' dir='ltr'><strong>or.</strong></span> <span class='ocrx_word' id='word_1_369' title='bbox 1275 4287 1309 4334; x_wconf 83' lang='lat' dir='ltr'><strong>iv</strong></span> <span class='ocrx_word' id='word_1_370' title='bbox 1329 4289 1375 4335; x_wconf 84' lang='grc' dir='ltr'><strong>6οι</strong></span> <span class='ocrx_word' id='word_1_371' title='bbox 1395 4289 1485 4348; x_wconf 81' lang='grc' dir='ltr'>στῖφος</span> 
     </span>
     <span class='ocr_line' id='line_1_38' title="bbox 279 4363 1484 4442; baseline -0.007 -16"><span class='ocrx_word' id='word_1_372' title='bbox 279 4366 387 4442; x_wconf 75' lang='grc' dir='ltr'>ἄρχαίοις</span> <span class='ocrx_word' id='word_1_373' title='bbox 406 4375 497 4440; x_wconf 78' lang='grc' dir='ltr'>σοφίας</span> <span class='ocrx_word' id='word_1_374' title='bbox 515 4369 544 4427; x_wconf 80' lang='grc' dir='ltr'><strong>οὗ</strong></span> <span class='ocrx_word' id='word_1_375' title='bbox 562 4377 648 4439; x_wconf 82' lang='grc' dir='ltr'>κοινῆς</span> <span class='ocrx_word' id='word_1_376' title='bbox 667 4369 726 4428; x_wconf 80' lang='grc' dir='ltr'>ον’δὲ</span> <span class='ocrx_word' id='word_1_377' title='bbox 745 4373 769 4426; x_wconf 73' lang='grc' dir='ltr'><strong>ἐν</strong></span> <span class='ocrx_word' id='word_1_378' title='bbox 789 4374 860 4442; x_wconf 80' lang='grc' dir='ltr'>μέσῳ</span> <span class='ocrx_word' id='word_1_379' title='bbox 874 4372 1075 4438; x_wconf 79' lang='grc' dir='ltr'>κνλινδονμένης,</span> <span class='ocrx_word' id='word_1_380' title='bbox 1095 4366 1159 4424; x_wconf 84' lang='grc' dir='ltr'><strong>α’λλά</strong></span> <span class='ocrx_word' id='word_1_381' title='bbox 1174 4369 1276 4423; x_wconf 73' lang='grc' dir='ltr'>σπανίου</span> <span class='ocrx_word' id='word_1_382' title='bbox 1295 4368 1339 4422; x_wconf 71' lang='grc' dir='ltr'><strong>καὶ</strong></span> <span class='ocrx_word' id='word_1_383' title='bbox 1351 4363 1484 4422; x_wconf 62' lang='grc' dir='ltr'>οἶτιοδέτον.</span> 
     </span>
     <span class='ocr_line' id='line_1_39' title="bbox 279 4461 749 4524; baseline 0.006 -16"><span class='ocrx_word' id='word_1_384' title='bbox 279 4462 317 4508; x_wconf 86' lang='lat' dir='ltr'><strong>De</strong></span> <span class='ocrx_word' id='word_1_385' title='bbox 334 4476 361 4508; x_wconf 90' lang='lat' dir='ltr'><strong>rs</strong></span> <span class='ocrx_word' id='word_1_386' title='bbox 379 4461 436 4509; x_wconf 83' lang='lat' dir='ltr'><strong>vids</strong></span> <span class='ocrx_word' id='word_1_387' title='bbox 455 4462 555 4512; x_wconf 81' lang='lat' dir='ltr'><strong>Lobeclr</strong></span> <span class='ocrx_word' id='word_1_388' title='bbox 572 4465 590 4512; x_wconf 90' lang='lat' dir='ltr'><strong>l.</strong></span> <span class='ocrx_word' id='word_1_389' title='bbox 608 4479 629 4510; x_wconf 89' lang='lat' dir='ltr'><strong>c.</strong></span> <span class='ocrx_word' id='word_1_390' title='bbox 649 4480 672 4524; x_wconf 92' lang='lat' dir='ltr'><strong>p.</strong></span> <span class='ocrx_word' id='word_1_391' title='bbox 692 4466 749 4512; x_wconf 75' lang='lat'>862.</span> 
     </span>
    </p>
   </div>
   <div class='ocr_carea' id='block_1_4' title="bbox 0 0 1553 5108">
    <p class='ocr_par' dir='ltr' id='par_1_5' title="bbox 0 0 1553 5108">
     <span class='ocr_line' id='line_1_40' title="bbox 0 0 1553 5108; baseline 0 0"><span class='ocrx_word' id='word_1_392' title='bbox 0 0 1553 5108; x_wconf 95' lang='lat' dir='ltr'><strong> </strong></span> 
     </span>
    </p>
   </div>
  </div>
 </body>
</html>
