3078 5108
564 1408 677 1496 Caput
698 1411 877 1496 quartum.

533 1569 589 1640 De
615 1567 911 1664 epigrammatis.

207 1775 436 1854 Epigrammatis
459 1775 493 1837 A.
514 1773 546 1835 Ρ.
569 1773 612 1835 VI
643 1771 810 1835 lna-145
838 1775 970 1837 additum
1002 1780 1046 1838 eat
1074 1793 1179 1838 nemen
1200 1779 1326 1840 auetoris

118 1889 170 1958 ita,
194 1887 228 1947 nt
248 1887 343 1964 primo
365 1887 558 1964 apponeretur
577 1902 594 1945 a
623 1885 718 1948 aeriba
740 1888 766 1946 Δ
789 1886 898 1947 eedieia
919 1885 1055 1960 Palatini,
1086 1889 1241 1966 repetitum
1263 1907 1280 1950 a
1303 1890 1325 1952 O

117 1998 152 2059 in
173 1998 316 2076 margine,
337 1995 459 2076 reliquie
485 1995 543 2057 τοῦ
566 1985 663 2058 αὐτοῦ
685 1998 722 2058 ab
737 1999 771 2070 A,
794 1997 871 2076 qnod
887 1999 1028 2060 emissum
1043 2000 1075 2058 in
1095 1997 1155 2061 137
1170 1977 1326 2079 supplevit,

117 2111 150 2170 in
176 2107 333 2170 145fe1s0
358 2108 465 2169 adieeit
488 2107 518 2170 ὓ.

206 2222 241 2280 Δ.
263 2218 295 2280 Ρ.
317 2217 361 2282 VI
386 2218 446 2281 134
469 2218 526 2296 (---
550 2217 617 2284 108,
632 2218 689 2294 Β.).

209 2330 245 2392 In
275 2329 403 2393 feminae
436 2331 554 2409 quidem
587 2332 704 2392 nemine
730 2320 960 2410 ‘antennam
992 2329 1138 2394 offendere
1169 2351 1227 2395 non
1258 2334 1327 2395 lieet

119 2442 245 2506 lenibus
265 2443 381 2519 usitato,
403 2442 454 2521 qui
475 2439 606 2520 Neptuni
627 2432 775 2503 Helieonii
796 2458 905 2503 numen
927 2443 1056 2504 omnium
1079 2445 1205 2506 maxime
1228 2444 1327 2507 nolunt

119 2551 205 2629 (Her.
226 2553 242 2614 I
266 2551 351 2631 148),
372 2555 471 2614 tamen
492 2553 666 2613 Anacreonti
689 2549 738 2613 vix
766 2551 857 2614 tribui
886 2554 997 2631 peterit.
1041 2553 1143 2617 nomm
1166 2558 1244 2618 enim
1266 2557 1327 2634 epi-

118 2681 254 2742 gramma
275 2662 353 2726 nihil
374 2663 456 2727 aliud
471 2666 516 2725 eet
530 2665 590 2726 nisi
604 2663 761 2742 deseriptie
776 2662 896 2725 tabulae
917 2665 1012 2741 pictae
1028 2663 1145 2728 Baeeho
1167 2668 1324 2741 dedicatae,

116 2777 151 2837 in
173 2791 232 2856 qua
252 2774 380 2838 feminae
402 2777 455 2838 deo
477 2791 560 2837 saera
581 2775 707 2838 ferentes
729 2774 823 2837 saetae
845 2777 935 2838 erant

209 2869 545 2965 mamm'

207 2997 270 3060 Hee
291 3015 407 3080 quaqua
428 2997 602 3060 Anaereonti
622 2999 713 3061 tribui
735 3015 792 3060 non
806 3000 908 3078 potest
940 2993 1018 3061 Nam
1041 3017 1108 3061 enm
1129 3003 1213 3080 peeia
1228 3002 1326 3064 derina

119 3109 244 3174 dialaete
265 3125 339 3172 uena
360 3126 418 3172 nen
445 3111 492 3184 eit„
514 3111 636 3172 restitue
656 3109 764 3174 formas
785 3112 912 3173 ienieae:
934 3125 992 3171 nen
1013 3112 1129 3189 peteris.
1174 3111 1325 3176 Geminae

118 3223 214 3302 igitur
234 3222 277 3284 ibi
299 3224 368 3284 eunt
387 3219 498 3285 formae
520 3223 643 3286 dorieae.
687 3221 776 3285 Baete
798 3225 896 3284 antem
917 3220 1094 3284 indieaviese
1115 3223 1190 3285 mihi
1211 3224 1327 3286 videtur

117 3331 317 3396 Reitzenstein
340 3332 526 3416 (Epigramm
547 3351 577 3397 a
592 3331 712 3398 Skolien
733 3353 761 3414 p.
779 3331 862 3414 107),
885 3349 952 3394 eum
974 3335 1156 3413 epigramma
1176 3336 1324 3398 vetustum

120 3461 188 3508 enee
210 3448 301 3525 putat
332 3443 417 3508 Oerte
438 3446 514 3508 redit
534 3448 572 3508 ad
594 3447 720 3507 statuam
741 3445 834 3518 illam,
858 3446 943 3507 aeine
964 3443 1126 3508 Pausanias
1147 3448 1323 3509 mentionem

118 3549 195 3620 aeia
214 3553 270 3639 (VI
287 3555 336 3631 13,
352 3556 395 3636 9),
416 3572 511 3638 neque
525 3557 640 3620 ebetare
654 3556 725 3619 huie
739 3557 899 3620 sententiae
915 3556 1038 3632 videtur,
1061 3559 1139 3638 qued
1159 3560 1323 3638 periegetea

120 3667 337 3732 Oerlnihiaaam
358 3669 395 3734 de
416 3664 559 3730 Pheidela
580 3670 751 3732 memoriam
772 3669 890 3731 eeeutna
912 3683 1016 3746 equam
1036 3667 1128 3732 inisse
1150 3672 1228 3732 dieii
1313 3668 1314 3671 ’

208 3775 269 3842 186
293 3776 349 3858 (=
372 3779 511 3858 10911).

206 3891 254 3954 De
275 3894 357 3956 neate
378 3893 442 3972 egit
463 3893 535 3954 deae
558 3892 674 3954 auidam
697 3879 872 3967 nemeaea
895 3892 980 3955 enine
1001 3893 1136 3954 ornatum
1157 3891 1323 3956 faeiendnm

118 4004 244 4086 Dyeeria
265 4005 440 4084 exaegitavit
461 4006 489 4066 et
509 4002 702 4074 Praxidieam
732 4020 806 4082 qnae
833 4021 900 4066 eum
929 4003 1006 4078 feeit,
1036 4005 1159 4067 edeenit.
1201 4005 1324 4086 Dyeeris

119 4117 212 4196 igitur
234 4115 351 4179 domine
373 4117 424 4190 eet,
447 4130 522 4194 qnae
544 4131 608 4177 eam
631 4113 741 4176 obtulit
785 4113 905 4178 Loeniie
935 4117 1086 4178 vetustatis
1114 4119 1233 4197 signnm
1254 4135 1324 4197 prae

122 4245 156 4292 aa
176 4226 240 4290 fert.
263 4217 363 4311 σοφίη
391 4227 477 4300 enim,
508 4227 544 4288 de
576 4243 716 4288 manuum
746 4225 868 4288 artifieio
897 4227 1017 4301 dietum,
1046 4229 1150 4291 vetaris
1182 4229 1325 4292 sermonis

190 4465 216 4532 1)
234 4465 330 4515 Nomen
348 4464 413 4514 redit
430 4465 456 4513 in
474 4465 616 4527 anaglypho
634 4465 724 4515 neno:
743 4463 772 4516 0.
791 4466 812 4518 1.
831 4465 863 4517 G.
881 4467 906 4514 11
924 4467 999 4517 242⁸.
