3036 5104
574 351 786 432 -83-

77 551 153 633 472)
187 557 216 616 et
244 553 368 618 Lesbios
390 552 473 636 (ibid
495 555 610 636 4301))
640 562 669 618 et
697 559 873 660 Corcyraeos
896 555 979 634 (ibid
1002 553 1093 636 83)
1085 576 1116 618 ιιι
1145 563 1201 619 usn
1231 555 1283 618 cst.

77 639 188 719 Epirus
211 643 289 702 enim
318 646 410 720 poeta,
440 645 525 732 qui
531 643 652 705 heroum
674 633 811 705 uirtutes’
845 643 996 706 celebrans
1027 642 1139 704 elatiori
1161 644 1283 705 orationi

78 727 202 801 studeat,
223 727 366 789 vocabula
397 732 443 790 cot
431 705 541 790 tidiano
571 747 705 791 sermone
733 731 802 790 trita
832 732 943 808 spernit
966 732 995 790 et
1016 729 1157 806 repudiat.
1200 727 1282 790 Post-

78 814 188 873 eriores
219 817 322 892 poetae
352 818 523 892 receperunt
554 814 747 893 principalem
782 816 916 876 vocabuli
939 815 1083 876 lormam:
1125 817 1161 876 de
1194 816 1283 876 fratre

78 899 189 959 dictum
220 899 331 976 legitur
362 903 439 978 apud
468 902 596 1002 tragicos
625 898 746 1006 (Aesch.
768 901 796 962 S.
826 901 890 1004 657
924 893 1103 963 Ilteocles'
1083 892 1219 1002 άρχοντί
1249 921 1268 961 τ
1391 907 1399 928 ’

75 973 183 1063 ἀρχιυν
205 980 260 1046 καί
290 979 472 1132 κασιγνήτῳ
503 979 608 1063 κάσις,
643 981 764 1067 exerce
797 981 855 1048 σύν
888 981 998 1070 ἐχθρῷ
1032 979 1216 1070 στήσομαι),
1247 987 1282 1047 da

76 1087 173 1131 sorore
196 1073 323 1148 primurn
345 1073 457 1133 invenit
457 1090 493 1132 ur
514 1075 590 1150 apud
612 1074 839 1134 Anacreontcm:
862 1073 898 1136 ci
921 1072 1012 1134 schol
1034 1071 1103 1133 lius
1126 1073 1197 1134 Hac
1221 1071 1280 1133 361

75 1150 133 1260 τὴν
148 1146 302 1256 Ἕκτορός
324 1175 359 1217 τε
379 1148 524 1240 χὰτέρων
539 1154 672 1220 πολλῶν
686 1152 799 1220 κάσιν·
819 1148 1074 1262 Ἀνακρέων(ιι.
1053 1155 1170 1237 r12a)
1194 1147 1281 1262 οἰίτ

77 1235 155 1343 ἐμὴν
178 1233 267 1317 (οὔτε
289 1237 350 1344 μὲν
371 1243 416 1304 Μ.
437 1262 495 1308 cm.
517 1241 630 1324 Bergk)
653 1235 785 1330 ἁπαλὴν
805 1239 911 1306 κάσιν.
933 1237 1150 1347 σεσημείωται
1172 1219 1250 1304 de'
1232 1264 1281 1305 οτι

77 1323 132 1428 τὴν
141 1322 288 1432 θήλειαν
303 1321 401 1389 κάσιν
415 1317 517 1431 εἶπεν.
541 1330 696 1392 Praeterea
712 1331 746 1391 ef.
763 1350 788 1391 ι.
805 1331 880 1392 943:
903 1325 963 1391 τάν
977 1329 1050 1390 τοῖν
1049 1322 1283 1434 Διοσκούροιν

80 1404 209 1476 Ἑλέναν
230 1406 341 1475 κάσιν
364 1407 491 1476 echol‘
481 1407 530 1476 ότι
554 1405 701 1496 ὀλιγάκις
729 1415 835 1477 κεῖται
856 1410 895 1476 τά
917 1409 1013 1488 κάσις
1044 1409 1102 1477 ἐπὶ
1129 1405 1282 1497 ἀδελφῆς,

77 1492 134 1560 ἐπὶ
157 1494 196 1560 ιιέ
218 1489 360 1582 ἀδελφοῦ
381 1493 554 1574 πολλάκις.
599 1501 765 1580 Aeschylus
794 1519 908 1581 quoque
929 1503 1100 1563 femininum
1123 1502 1283 1601 usurpavit,

9 1647 10 1672 ἒ
76 1586 125 1645 sed
147 1585 288 1646 translate
311 1588 445 1664 quidem:
468 1588 498 1650 S.
522 1586 583 1648 477
607 1583 748 1667 λιγνὺνγ
749 1582 900 1664 ιέλαιναν,
923 1579 1036 1669 αἰόλην
1058 1579 1289 1690 πυρόςκάσιν,

9 1677 10 1680 ’
75 1671 128 1748 Ag.
152 1670 215 1731 473
245 1663 344 1745 κάσις
377 1669 481 1754 πηλου
515 1665 669 1755 ξύνουρος
699 1611 800 1753 διψία
827 1666 927 1747 κόνις.
971 1671 1152 1734 Vocabulum
1187 1665 1283 1746 κάσις

76 1772 138 1817 assa
168 1775 205 1818 vc
205 1761 315 1818 tustum
350 1761 436 1836 atque
468 1759 629 1837 antiquitus
667 1760 802 1820 omuibus
832 1777 954 1837 graecae
990 1757 1110 1836 linguae
1149 1757 1283 1819 dialectis

76 1859 229 1904 commune
252 1845 334 1904 docet
356 1844 429 1905 haec
451 1844 593 1924 Hesychii
615 1845 720 1922 glossa,
742 1863 831 1924 quam
854 1863 953 1906 eorum
968 1845 1096 1947 quidem,
1120 1847 1169 1922 qui
1184 1844 1282 1904 adhue

76 1929 110 1988 de
138 1928 197 1988 hoc
220 1929 360 1990 vocabulo
382 1933 512 2031 egerunt,
533 1948 619 1990 nemo
641 1933 805 2032 inspexisse
821 1932 949 1992 videtur:
958 1923 1162 2034 κάσιοιιῖγ
1193 1922 1224 1991 οι
1246 1923 1283 1990 ἐκ

76 2003 409 2200 {666666
417 2005 858 2184 62606325266‘0}
867 2003 1212 2178 ”⁰666'66
1180 2005 1283 2162 tlibi

76 2180 130 2268 τὴν
152 2175 297 2269 ἀδελφήν
320 2186 453 2250 hausisse
475 2123 600 2266 ιιιιιιάιι)
623 2123 685 2249 600
714 2123 843 2292 igitr?
826 2187 1001 2250 vocabulum
1024 2188 1146 2248 eandem
1168 2202 1283 2266 quoque

78 2272 203 2332 notionis
237 2273 408 2334 varietatem
441 2275 567 2335 continet
603 2276 690 2353 atque
725 2267 926 2357 κασίγνητος.
979 2271 1038 2334 Sed
1075 2273 1283 2372 grammaticus

79 2357 166 2417 etiam
201 2375 304 2419 noram
334 2357 419 2420 affert
448 2361 601 2432 notionem
635 2377 703 2420 nam
735 2361 941 2438 interpretatur
969 2350 999 2419 οι
1033 2353 1071 2420 ἐκ
1099 2357 1156 2441 τῆς
1182 2347 1283 2462 αιἰτῆς

77 2431 201 2543 ἀγέλης.
246 2443 309 2504 Hoc
332 2446 368 2504 ad
389 2444 685 2507 Lacedaemoniorum
709 2463 804 2507 mores
826 2447 944 2517 recedit,
972 2445 1053 2545 'apud
1076 2460 1148 2522 quos
1169 2433 1282 2522 ἀγέλαι

75 2530 225 2590 nominant
226 2548 262 2591 ur
283 2520 383 2606 λόχοι,
406 2532 513 2610 quibus
535 2531 645 2609 singuli
667 2531 874 2608 Spartanorum
897 2532 981 2610 pueri
1002 2531 1215 2592 attribuuntur:
1246 2529 1283 2590 ci

75 2612 149 2677 Plut.
172 2613 243 2692 Lyc.
269 2614 344 2676 16
331 2635 349 2676 ο
371 2611 623 2701 Λυκοῦργος..
639 2609 798 2690 ,πάντας
820 2619 876 2718 (ιιι.
901 2611 1040 2692 παῖδας)
1063 2604 1197 2688 edcdg‘
1184 2635 1282 2676 επτα-

75 2698 161 2773 ετεῖς
165 2718 268 2801 γενογ
269 2695 371 2774 ιένους
393 2698 540 2806 παραλαγ
541 2699 661 2804 ιβάνιον
682 2691 781 2776 αιἰτιις
802 2696 850 2777 εἷς
860 2692 990 2804 ἀγέλας
1013 2693 1204 2777 κατελόχιζε
1226 2696 1282 2760 καί

76 2778 255 2881 συννόμους
275 2786 382 2848 ποιῶν
396 2783 453 2850 καί
468 2781 667 2870 συντρόφους
689 2807 750 2868 μετ
754 2778 934 2873 ’ἀλλήλων
956 2779 1064 2862 είθιζε
1078 2778 1283 2867 συμπαίζειν

75 2865 129 2932 καὶ
152 2865 373 2949 συσχολάζειν.
416 2873 530 2935 Huic
522 2891 661 2935 iuvenum
691 2880 822 2936 catervae
851 2874 943 2935 altera
960 2889 1086 2977 quoque
1107 2873 1282 2973 respondere

75 2958 191 3018 ridetur
198 2959 402 3020 femmarum
393 2977 424 3021 m
441 2960 552 3064 choris:
575 2960 663 3023 cit
624 2960 730 3020 Athen
745 2959 813 3020 XIV
830 2959 933 3021 6310:
956 2947 1053 3061 ηδ’<
1039 2949 1283 3040 υπορχηγατική

77 3033 166 3104 ἐστιν
188 3037 256 3126 ἐνγ,
242 3029 395 3148 ᾄδων(
381 3064 399 3105 ο
413 3041 511 3150 χορὸς
525 3035 727 3150 ἀρχειται...
744 3039 944 3148 ,Πίνδαρος
949 3039 988 3106 δέ
1001 3061 1100 3148 φησιν
1114 3041 1161 3123 (ιι.
1179 3043 1238 3104 112
1248 3043 1281 3120 b)

77 3121 252 3216 Λάκαινα
273 3149 333 3210 ιιεν
354 3127 534 3232 παρθένιον
562 3121 685 3236 ἀγέλα.
709 3121 877 3235 ὀρχοῦνται
907 3125 944 3192 δὲ
974 3123 1091 3233 ταύτην
1121 3123 1213 3230 παρὰ
1236 3128 1282 3226 τῷ

77 3189 288 3318 ‘11666961‘
260 3233 289 3278 οι
311 3209 485 3292 Λάκωνες,
514 3237 570 3278 και
592 3213 682 3278 ἐστίν
704 3209 856 3301 [ιιπορχηγ
858 3207 1019 3301 ιατικὴ]”
990 3232 1145 3360 ogxnocgf
1154 3203 1280 3295 ἀνδρῶν

77 3296 321 3382 καὶγυναικῶν
349 3302 407 3364 Sed
429 3305 467 3364 ad
490 3303 607 3365 Oretum
630 3319 758 3406 quoque
766 3321 862 3364 mores
883 3304 960 3364 redit
981 3292 1092 3401 ἀγελη;
1116 3300 1149 3361 af.
1165 3299 1282 3362 chrac.

77 3385 158 3447 Pont.
183 3388 219 3448 de
235 3387 352 3449 Oretum
376 3390 507 3451 civitate:
531 3409 561 3451 οι
551 3381 758 3462 ‘naides‘
727 3409 760 3451 οι
782 3383 816 3450 ἒν
840 3381 1023 3492 Κρίγτγγ...
1035 3375 1282 3490 ἀθροίζονται

79 3465 114 3533 δὲ
136 3462 250 3575 ἀγέλαι
273 3467 404 3551 τούτων,
436 3469 492 3536 καί
503 3464 569 3579 em’
602 3467 741 3550 ἑκάστης
747 3467 869 3576 άρχιγν
898 3467 1030 3554 γίνεται,
1060 3460 1097 3534 ὃν
1127 3467 1282 3533 καλοῦσιν

79 3546 242 3660 ἀγιλάτην.
287 3560 328 3621 Οι.
353 3561 421 3622 Hes
450 3551 586 3708 ἀγέλας·
616 3555 691 3632 τούς
723 3549 934 3642 (ἀγελάστοις
966 3561 1043 3621 eod:
1076 3574 1130 3618 ern.
1161 3556 1281 3634 Nauck)

78 3635 569 3746 ε’γήιιοις·1ιρῆπς,ιι,ιγιι
602 3647 633 3707 in
655 3647 757 3707 eadem
787 3650 903 3708 caterva
924 3648 1000 3718 sunt,
1029 3642 1169 3747 aequales
1198 3645 1280 3714 sunt;

79 3732 105 3789 et
140 3722 239 3803 κάσις
276 3733 363 3792 etiam
399 3732 475 3793 ιιιιιιιι
511 3732 600 3793 habet
635 3733 790 3793 notionem
842 3732 884 3794 cf.
916 3731 985 3792 Has.
1017 3722 1129 3802 κάσις·
1167 3730 1282 3810 (κασης

78 3816 152 3876 cod:
182 3833 237 3877 em.
259 3817 363 3895 Mus.)
392 3809 571 3902 ἡλικιώτης.
616 3816 684 3878 Non
713 3818 835 3879 dubium
867 3835 931 3878 asse
960 3819 1070 3895 potest,
1093 3805 1188 3896 ἀγέλη
1210 3763 1282 3892 ιιιιίιι

78 3902 152 3962 eit
144 3919 176 3963 m
208 3903 332 3975 civitate,
362 3905 393 3964 ιιι
425 3922 483 3982 qua
514 3905 677 3982 puerinon
708 3919 726 3962 a
753 3903 932 3980 parantibus,
962 3903 1015 3964 sed
1044 3899 1162 3980 publice
1194 3901 1281 3961 ciue-

78 3989 178 4048 antur:
212 3987 328 4066 effigies
358 3991 402 4050 est
430 3989 568 4063 familiae,
591 3989 643 4050 ubi
665 3989 735 4050 item
757 3991 896 4068 atquem
925 3992 1041 4049 caterva
1069 4003 1146 4048 unus
1177 3987 1281 4047 ceteris

79 4075 174 4150 gentis
204 4075 344 4135 membris
373 4077 495 4152 pmeast.
538 4067 634 4148 κάσις
667 4075 759 4152 igitur
787 4076 933 4154 quidt
889 4075 953 4135 est?
996 4073 1042 4135 De
1064 4089 1097 4134 eo
1119 4072 1282 4172 generatim

79 4157 191 4234 dicitur,
223 4161 281 4238 qui,
313 4177 380 4221 cum
413 4179 447 4222 cx
476 4160 576 4223 eadem
608 4163 695 4239 geute
724 4162 770 4234 sit,
805 4163 945 4240 cognatus
969 4161 1020 4234 est,
1050 4161 1078 4221 et
1098 4158 1215 4236 proprie
1238 4157 1281 4218 sic

144 4348 249 4413 fils
215 4347 292 4396 Estne
318 4342 409 4405 κάσιες
434 4349 565 4410 legendnm
541 4349 585 4395 m?
621 4348 810 4409 Quamquamr
802 4348 872 4394 imlla
847 4359 998 4406 mqnnqua
1025 4347 1063 4393 sor
1064 4359 1130 4393 mam
1157 4348 1281 4396 astitisse

80 4427 166 4464 nomen
184 4417 269 4477 propr
271 4431 312 4464 um
330 4411 429 4474 Κάσιος
445 4419 471 4478 (ιι
472 4418 522 4478 pud
540 4417 652 4474 Eleceti
654 4418 754 4466 udicare
771 4416 871 4464 virdetu
859 4415 990 4477 rrrtrtthe
1008 4415 1072 4462 Xill
1091 4416 1189 4476 bilds..)

1040 4498 1083 4562 66²
