3036 5104
486 363 746 460 ’-22-

57 583 151 657 1222,
175 585 215 646 26
240 588 268 647 22
288 587 360 650 Hes.
382 605 404 647 s
426 587 469 663 2.)
502 585 623 648 Falsum
658 585 713 649 hoo
745 587 857 648 tautum
882 588 933 662 222,
963 587 1040 664 2220
1062 586 1243 664 etymologua

53 667 168 732 Baoehae
189 689 207 732 2
230 673 283 732 022
306 673 349 733 222
376 673 538 734 nominatas
570 689 635 734 essa
646 675 754 775 putat:
782 689 830 734 res
853 673 950 751 potins
970 671 1044 733 2222
1066 676 1117 745 222,
1140 676 1172 734 nt
1193 689 1242 733 vo·

55 755 178 817 nabulum
200 749 393 840 Basoropeda
414 759 518 820 itema
545 750 695 841 βασσάρη
715 759 847 838 pendeat
891 757 1010 820 Rectius
1040 759 1131 835 igitur
1152 760 1187 819 de
1210 775 1242 819 eo

53 842 146 904 iudioat
177 842 270 906 sahol.
293 843 376 906 Pare.
405 845 457 905 sat.
488 845 606 906 1101:
638 843 810 906 Bassaridas
838 861 939 906 omnes
980 842 1110 905 baoehae
1148 844 1243 904 diotae

54 930 189 1000 suntsed
212 932 241 991 et
271 930 335 1007 ipse
367 930 457 992 Liber
488 932 571 1008 pater
599 931 637 990 ab
667 947 702 992 22
730 932 811 992 22222
839 928 1005 1008 221221222
1033 931 1132 1002 utitur,
1156 947 1243 1007 quam

53 1011 163 1076 1222222
185 1016 319 1076 22222222
341 1018 454 1079 222222.
476 1017 596 1090 quidam
618 1016 799 1093 arulpibue,
820 1033 945 1094 quarum
965 1014 1094 1092 pellibus
1114 1015 1244 1076 baeehae

53 1100 255 1178 suooingnutur.
306 1101 409 1180 vulpes
452 1101 578 1162 Thronos
621 1103 757 1164 hassares
799 1103 911 1163 222222
946 1135 989 1144 -
1034 1101 1114 1162 Haeo
1155 1102 1246 1178 igitur

52 1187 168 1246 veterum
198 1204 274 1265 quae
303 1187 385 1248 222212
408 1188 664 1266 grammatioorum
693 1188 859 1248 testimonia
879 1186 1023 1248 22222222
1046 1189 1075 1248 22
1096 1187 1243 1266 Lydorum

53 1267 229 1346 (2212222222
251 1269 415 1352 Phrygum)
438 1291 619 1335 communem
651 1274 798 1353 22220222
827 1290 938 1333 moram
966 1273 1105 1344 12022222
1135 1271 1245 1333 Baaahi

53 1373 147 1418 numen
176 1359 214 1420 ab
245 1357 369 1437 utraque
399 1361 486 1436 geute
517 1358 609 1420 simili
639 1361 697 1421 ritu
719 1357 907 1430 salebratim,
937 1359 1013 1437 2220
1036 1377 1103 1418 aum
1124 1357 1244 1419 aliunde

52 1459 153 1539 poaque
174 1450 275 1506 uotum
297 1446 336 1506 222
357 1442 405 1524 (22
429 1443 661 1507 0222114112
684 1464 711 1508 2.
734 1445 822 1506 etiam
841 1443 951 1514 Rohde,
973 1443 1088 1523 Psyohe
1109 1462 1137 1521 p
1160 1442 1244 1518 300),

53 1526 215 1590 indubium
238 1547 343 1591 222222
371 1549 429 1595 222
457 1530 533 1592 12222.
577 1530 742 1592 Β22222222
771 1534 868 1591 autem
900 1529 1050 1608 religionis
1073 1531 1153 1607 origo
1176 1546 1244 1590 eum

52 1615 156 1676 externa
179 1617 225 1688 222,
256 1607 408 1699 βασσᾶρη
442 1635 555 1696 222222
578 1615 720 1678 02222222
755 1615 930 1677 2222221222
962 1633 1025 1676 2222
1057 1634 1114 1676 222
1145 1617 1245 1692 potest.

51 1700 250 1843 Cyrenaeorum
274 1720 339 1764 2222
361 1720 462 1764 voeem
480 1701 682 1805 etymologias
703 1704 819 1802 quidam
849 1702 920 1762 dieit
941 1701 997 1774 (.112
1021 1701 1059 1762 Μ.
1085 1701 1153 1773 190,
1177 1699 1244 1775 58);

51 1779 164 1863 λέγεται
186 1780 392 1871 ssaooapog‘
378 1810 398 1869 η
420 1777 560 1869 ἀλώπηξ
581 1808 664 1850 κατα
654 1779 885 1870 Ἡρόδοτον
872 1807 937 1849 οπο
928 1779 1154 1889 Κορηνααον.
1188 1785 1245 1847 Sed

52 1873 118 1968 apud
138 1873 316 1935 Herodotum
338 1875 396 1952 (IV
420 1873 495 1954 192)
526 1873 585 1936 2122
615 1875 708 1936 forma
737 1871 848 1952 legitur
869 1865 1059 1955 βασσαριον,
1084 1873 1189 1934 022202
1212 1889 1246 1932 ax

52 1957 104 2018 otus
124 1961 222 2020 222222
244 1960 365 2021 minime
388 1962 507 2038 apparat
529 1961 692 2037 (lyrenaeos
715 1959 833 2038 vulpem
855 1961 898 2020 sie
920 1959 1123 2020 nominaviaae.
1161 1958 1246 2036 Apud

51 2041 221 2122 Hesyohium
254 2047 373 2146 quidem
404 2047 460 2107 hae
493 2048 606 2148 2222222
634 2044 766 2123 glossas:
798 2035 949 2126 βασσάρη
972 2037 1147 2146 (βασσαρίς
1168 2044 1246 2106 ood.:

52 2145 89 2187 am
128 2129 293 2209 Schmidt)-
264 2121 463 2236 )ἆλωἀηξ
494 2126 585 2211 παρὰ
620 2123 837 2212 Κυρηναίοις,
876 2133 905 2191 22
937 2123 1082 2210 βασσάρ(
1084 2128 1166 2208 ε’]ια
1204 2149 1246 2190 τα

51 2203 253 2314 ἀλι2πέκ[2]ια
286 2236 316 2278 οι
347 2209 476 2297 Λίβυες
507 2212 654 2297 λέγουσιν
687 2215 739 2294 (20
771 2217 949 2278 Herodotum
979 2217 1077 2293 22022),
1110 2217 1162 2278 220
1190 2215 1245 2276 222

51 2301 160 2362 minima
183 2303 305 2364 dubium
327 2321 391 2364 2222
413 2306 514 2382 potest.
544 2305 615 2382 quin
637 2303 801 2364 Herodotus
834 2302 889 2364 hoe
916 2301 978 2362 loeo
1001 2302 1045 2378 (in
1067 2302 1244 2402 1222222222

49 2388 191 2461 regionum
214 2390 421 2467 descriptione)
455 2389 603 2461 22222212,
635 2391 713 2468 2220
746 2406 781 2449 ax
810 2389 904 2467 ipsius
934 2405 1067 2449 sermone
1096 2389 1123 2449 22
1144 2389 1244 2447 notum

51 2471 172 2551 erat³⁴)‚
193 2491 266 2536 usus
288 2476 327 2536 sit
348 2472 439 2554 (quod
461 2477 549 2536 etiem
571 2476 601 2535 22
624 2474 758 2536 oroaodili
789 2476 906 2534 nomine
926 2473 1003 2549 12222,
1025 2474 1058 2534 II
1080 2472 1245 2545 0911222

49 2559 137 2620 taeum
166 2562 302 2622 aeautur:
332 2559 367 2622 22.
397 2561 503 2623 nosen
534 2578 630 2638 praep
654 2557 969 2638 2211324002).
1013 2560 1107 2620 Immo
1137 2575 1245 2619 veroa
1370 2607 1372 2612 2

49 2644 328 2707 2222122222222
350 2664 484 2708 sermone
512 2649 628 2719 usitata,
659 2663 734 2724 quae
761 2644 881 2746 vulpem
903 2645 1095 2722 significabat,
1127 2647 1156 2705 22
1143 2644 1245 2705 22202

50 2746 109 2789 oum
136 2731 248 2793 Baeohi
279 2731 361 2794 22122
390 2735 436 2792 ad
455 2731 589 2810 Phryges
618 2731 760 2793 translata
788 2732 928 2808 originem
952 2732 1033 2792 02222
1053 2722 1246 2812 βασσάριον.

49 2808 206 2898 βασσάραι
236 2819 328 2896 igitur
357 2820 426 2882 sunt
458 2818 643 2880 Baeeharum
664 2820 761 2878 222222
793 2816 927 2895 vulpium
959 2815 1087 2894 pellibus
1120 2817 1247 2877 ornatae

49 2901 137 2979 12222
158 2901 286 2964 1222222
307 2903 427 3005 vulpina
449 2903 526 2983 pella
548 2905 652 2982 eapitis
673 2905 840 2981 tegumento
862 2920 931 2964 2222
954 2919 1018 2964 2222
1040 2903 1141 2964 022222
1155 2901 1247 2963 Here

50 2987 126 3048 02222
149 2987 220 3066 (VII
243 2988 282 3050 75
320 2983 457 3092 Θρήικες
490 2983 575 3050 δὲ’
560 2983 619 3050 επὶ
650 2983 710 3068 arao
740 2988 815 3073 τῇσι
845 2985 1023 3088 κεφαλῇσιν
1054 2977 1245 3060 ἀλωπεκέας

49 3061 169 3170 ἔχοντες
198 3067 443 3178 ἕοτρατεοοντο)
473 3079 502 3136 22
522 3075 682 3154 Xenophon
711 3065 1008 3177 (22211222
1034 3067 1164 3158 Θρᾷκες
1186 3069 1246 3146 τὰς

47 3146 254 3234 αλωπεκᾶς’
237 3155 296 3222 επὶ
317 3160 392 3236 ταῖς
413 3157 573 3244 κεφαλαῖς
596 3176 733 3244 (papaver
755 3153 810 3221 καὶ
831 3158 903 3232 τοῖς
924 3148 1016 3221 ὠσί.
1034 3156 1070 3238 .);
1091 3161 1246 3237 utriusque

49 3247 139 3305 autem
171 3247 370 3310 testimonium
393 3249 500 3326 optime
530 3247 716 3309 2222222222
747 3247 819 3307 artie
849 3247 1053 3307 monumentis.
1097 3245 1139 3306 02.
1169 3244 1249 3305 22122

49 3331 193 3393 22222122
223 3331 299 3393 11120
322 3332 413 3394 Gelae
445 3336 600 3410 repertum,
631 3335 667 3394 de
700 3350 756 3410 quo
788 3333 848 3408 agit
868 3330 1113 3408 Furtw'auglerl.
1137 3349 1170 3403 2.,
1192 3331 1244 3391 222

48 3413 166 3478 1222222
189 3417 340 3496 Orpheum
361 3421 513 3480 nauantem
535 3420 685 3480 audientes
716 3418 771 3479 hoo
792 3420 995 3494 tegumentum
1017 3417 1126 3478 habere
1149 3417 1246 3487 22022·

49 3500 77 3560 22
89 3503 254 3604 anaglypho
268 3503 466 3583 puloherrimo
481 3503 530 3566 illo
543 3499 732 3582 Neapolitano
746 3502 943 3582 (Boumeister
957 3503 989 3564 II
1005 3499 1100 3582 1121)
1112 3501 1247 3580 Orpheus

48 3586 105 3662 ipse
128 3578 301 3674 ἀλωπεκῆν
330 3589 548 3671 gertt³⁶).-
585 3589 643 3652 Sed
674 3590 712 3650 ad
741 3591 929 3680 hnaoreontis
962 3589 1052 3650 22222
1085 3589 1247 3649 redeamus

49 3737 216 3798 Διοκοσιακός,
234 3737 417 3805 22202222-
444 3742 483 3792 01.
502 3743 577 3802 Pr.op
596 3742 634 3788 111
654 3745 693 3803 tt,
713 3743 791 3788 tezo
793 3739 851 3788 20
849 3742 887 3788 da
903 3741 994 3789 horatia
1011 3747 1109 3827 2222222
1127 3739 1175 3806 (Ba
1160 3739 1247 3802 2222)

49 3808 203 3870 aoluaaym
205 3809 598 3871 012222208222222222212022
615 3810 719 3858 marae
706 3825 794 3858 eorm

114 3877 224 3944 94)2
172 3879 224 3927 For
225 3883 289 3926 tasse
309 3877 825 3962 22222221221222122122122222222222222
827 3883 908 3926 ersaat
894 3883 971 3938 2222,
990 3893 1018 3925 aa
1020 3879 1128 3926 22222222
1146 3882 1248 3938 prropte

59 3947 389 4011 es,quaeriib1,agebaotur
413 3949 452 3995 ins
424 3948 523 4009 insigues
548 3948 675 4008 permultis
699 3947 853 3996 notissimam
879 3947 955 3995 fumasse
980 3947 1159 4007 Aristophanes
1176 3947 1247 3994 222222

49 4019 88 4070 222,
106 4015 147 4074 221
164 4030 264 4064 versnm
282 4031 312 4064 ex
330 4032 360 4064 22
377 4017 459 4065 reddit
477 4017 586 4083 (Thasum.
608 4013 675 4080 1³5).
711 4017 840 4064 Praeterea
864 4016 922 4064 iude
939 4032 954 4062 a
977 4015 1060 4076 priore
1079 4016 1129 4063 1222
1154 4015 1247 4062 saeculi

49 4082 123 4140 quinti
141 4084 242 4133 dimidia
267 4091 337 4145 parte
363 4085 466 4134 Athenis
492 4091 630 4133 accuratam
656 4084 815 4131 Thraoiorum
842 4099 937 4132 morum
965 4084 1078 4131 notitiam
1103 4083 1247 4144 pervulgari

49 4157 156 4212 coeptam
173 4169 228 4201 asae
245 4155 348 4202 2222212
365 4155 454 4202 022222
472 4155 554 4212 attica,
573 4154 663 4213 quibua
675 4168 723 4200 non
737 4154 812 4200 semel
825 4159 920 4200 tautum
934 4152 1056 4200 Thracum
1075 4153 1248 4201 vestimentum

49 4218 169 4280 deplutum
186 4223 312 4275 invenitur
329 4223 370 4286 (21.
390 4224 571 4284 Fartwttngler,
589 4223 712 4271 2011221.
731 4221 1019 4281 Winohelmaunaprogr.
1039 4223 1112 4278 1890,
1132 4236 1157 4281 p.
1178 4221 1246 4285 1129).

51 4313 72 4322 -
103 4291 157 4337 Non
184 4291 285 4352 probari
312 4295 393 4339 autem
411 4297 499 4354 potest,
524 4291 591 4351 quod
610 4292 640 4339 02
658 4289 780 4338 vocabulo
799 4290 860 4338 dixit
880 4287 911 4337 G.
930 4291 1014 4351 Meyer
1032 4292 1058 4337 in
1076 4291 1151 4340 Baua.
1170 4290 1245 4337 Beitr.

47 4355 91 4402 XX
112 4359 167 4407 120.
203 4359 380 4420 1122222222,
407 4362 473 4422 2220
490 4359 556 4408 idern
583 4363 621 4421 (22
638 4366 694 4407 ante
718 4374 773 4407 euru
791 4359 911 4419 Lagarde,
930 4373 982 4419 gea.
1001 4359 1124 4407 Abdaudl.
1143 4372 1167 4420 p.
1186 4358 1247 4426 219)

47 4426 144 4488 profert,
161 4442 174 4475 a
192 4442 280 4488 graeco
299 4442 411 4478 sermone
429 4433 553 4488 sumptum
571 4442 625 4476 2222
642 4429 749 4477 videtur.

112 4491 153 4560 22)
169 4497 290 4558 Exempla
314 4497 387 4546 huius
414 4498 548 4546 Baoehieae
573 4497 653 4546 222222
677 4497 762 4544 talaris
787 4496 923 4557 pantherae
952 4494 1060 4556 pellibus
1089 4501 1191 4543 ornatae
1220 4495 1246 4545 in
