3036 5104
766 341 978 406 ..92-

271 530 404 591 mollitiei
427 531 564 592 deditum.
586 530 696 592 Eodem
719 533 803 592 modo
819 531 989 595 Heraclides
1012 549 1126 612 quoque
1141 532 1277 594 Ponticus
1300 531 1468 593 uocabulum

271 618 475 717 interpretatus
505 617 555 678 est.
598 610 1044 700 ΡΙιιι.Ροιιο1.27;Ἔφορος
1074 613 1111 680 δὲ
1139 614 1195 680 και
1217 618 1379 717 μηχαναῖς
1398 609 1467 720 555-

272 704 399 815 555656
421 695 478 763 565
489 696 658 804 Περικλέα
680 699 724 783 (in
739 703 902 767 Samiorum
925 705 1007 765 urhis
1028 703 1266 806 oppugnatione),
1285 699 1343 788 5655
1364 695 1469 764 καινό-

271 808 391 889 τητα
380 789 448 890 665
448 780 616 867 μοίσαντα,
643 778 872 893 Ἀρτέμωνος
884 787 940 852 τοῦ
971 791 1146 893 μηχανικοῦ
1175 767 1454 892 55565565⁵²)‚⁰
1439 809 1470 848 55

270 866 415 951 χωλδν”
397 893 475 934 οντα
503 868 560 934 καί
581 867 703 956 φορείῳ
726 870 812 959 πρδς
834 871 875 976 56
899 869 1134 955 κατεπείγοντα
1161 877 1226 938 τῶν
1248 869 1349 981 ἔργων
1373 890 1469 978 προσ-

271 952 486 1062 κομιζόμενον
509 949 563 1021 ὀνο
564 960 730 1043 μασθῆναι
741 955 974 1065 περιφόρητον.
1003 962 1097 1023 τοῦτο
1112 957 1173 1042 μέν
1195 949 1250 1066 565
1262 955 1470 1068 Ἡρακλείδης

272 1039 291 1106 6
311 983 476 1148 Ποντικδς
504 1038 623 1148 ἐλέγχει
651 1044 722 1119 τοῖς
734 1036 975 1148 Ἀνακρέοντος
997 1041 1185 1149 ποιήμασιν,
1211 1044 1244 1110 ἒν
1266 1033 1319 1121 οῖς
1341 1039 1370 1107 δΙ
1383 1066 1469 1122 περι-

274 1124 422 1234 φόρηιος
441 1121 611 1212 Ἀρτέμων
639 1121 832 1235 ὀνομηιζεται
866 1130 1008 1236 πολλαῖς
1039 1126 1230 1238 ἔμπροσθεν
1259 1125 1401 1238 ηλικίαις
1421 1131 1470 1193 556

274 1212 351 1294 περι
375 1209 485 1296 Σάμον
507 1212 655 1318 πολέμφο
676 1213 731 1279 καί
754 1215 818 1280 τῶν
840 1211 1041 1322 πραγμάτων
1063 1213 1208 1322 ἐκείνων·
1231 1215 1287 1282 τδν
1310 1209 1342 1280 δ’
1364 1209 1468 1299 Ἀρτί-

271 1324 365 1406 5556
388 1321 466 1385 φησι
489 1294 647 1405 τρυφερόν
667 1323 740 1365 τινα
761 1305 814 1408 τῷ
842 1299 904 1386 βίῳ
933 1299 990 1409 566
1020 1301 1106 1408 πρὸς
1126 1301 1201 1379 τούς
1224 1298 1348 1387 φόβους
1370 1301 1469 1448 5665-

272 1385 330 1450 565
344 1381 425 1451 6555
446 1383 502 1450 556
524 1385 769 1493 καταπλῆγα
731 1411 772 1452 τα
795 1363 904 1452 πολλδι
899 1385 987 1492 μέν
1008 1381 1094 1453 οίκοι
1117 1386 1335 1493 καθίζεσθαι,
1356 1386 1419 1466 χαλ
1421 1410 1469 1468 555

271 1465 401 1579 ἀσπίδα
396 1474 479 1574 τῆς
485 1471 636 1576 κεφαλης
652 1475 748 1538 αυτοῦ
770 1470 908 1538 δοοῖν’
876 1477 1010 1539 οικετιῦν
1024 1469 1255 1558 ὑπερεχόντων,
1279 1467 1363 1538 ιῖστε
1380 1438 1470 1577 μηδέν

272 1557 429 1642 ἐμπεσεῖν
457 1557 522 1622 τῶν
554 1550 697 1622 ιἰίνωθεν·
729 1555 757 1624 εί
791 1557 827 1623 66
847 1555 1014 1665 βιασθείη
1045 1557 1281 1662 προελθεῖν,
1265 1583 1300 1623 εν
1330 1515 1469 1660 κλινιδίῳ

272 1647 444 1749 κρεμαστῷ
478 1640 569 1725 παρὰ
599 1667 656 1730 την
690 1665 746 1730 γην
777 1639 875 1748 66565
904 1641 1161 1731 περιφερόμενον
1191 1641 1392 1748 κομίζεσθαι
1422 1641 1470 1706 καὶ

272 1728 327 1794 διοι
349 1732 444 1794 55655
472 1675 638 1813 κληθηναί
663 1725 889 1816 περιφόρητον.
934 1733 1107 1795 Heraclides
1137 1735 1237 1812 igitur,
1267 1736 1337 1833 quia
1368 1735 1470 1794 iamin

272 1819 461 1880 Anacreontis
490 1819 669 1879 carminibus
699 1820 846 1881 hominem
882 1821 1029 1898 quendam
1065 1822 1196 1881 eiusdem
1229 1819 1356 1881 nominis
1378 1822 1470 1880 eodem

271 1906 355 1965 modo
379 1905 544 1965 denotatum
574 1921 638 1964 esse
669 1906 750 1975 vidit,
781 1923 867 1984 quem
898 1907 1050 1966 acerrimis
1079 1907 1176 1966 verbis
1200 1909 1333 1966 uexatum
1356 1923 1373 1964 a
1394 1909 1470 1983 poeta

271 1993 389 2068 propter
410 1990 531 2051 nimiam
554 1989 701 2052 luxuriam
723 1993 766 2051 sic
789 1993 969 2052 nominatum
985 2008 1049 2052 esse
1063 1992 1194 2069 putabat
1217 1991 1293 2051 hanc
1315 1991 1423 2068 Ephori
1440 1992 1469 2050 de

271 2077 436 2136 Artemonis
458 2075 664 2136 machinatoris
687 2075 844 2138 clauditate
816 2078 1037 2137 tmemoriam
1058 2079 1092 2137 ut
1113 2076 1216 2137 falsam
1238 2077 1464 2153 repudiarit.-

270 2161 393 2223 Prorsus
415 2161 474 2220 alia
497 2162 540 2221 est
561 2163 758 2222 Artemonis
746 2180 848 2262 imago
871 2180 959 2263 quam
981 2163 1191 2240 Aristophanes
1214 2163 1363 2223 describit.
1406 2160 1470 2220 Aah.

272 2247 351 2308 848:
383 2236 456 2308 οίδ
490 2240 625 2323 έντοχιδν
655 2241 688 2307 ἐν
717 2237 839 2348 τάγορᾷ
871 2239 1027 2352 πρόσεισί
1057 2264 1111 2308 σοι
1138 2242 1284 2350 βαδίζων
1296 2245 1469 2348 ,Κρατῖνος

272 2321 311 2393 56
343 2329 540 2414 κεκαρμένος
568 2328 683 2433 μοιχὸν
715 2334 776 2416 μιᾷ
808 2327 962 2416 μαχαίρᾳ,
997 2325 1015 2393 6
1049 2326 1270 2415 περιπόνηρος
1296 2323 1466 2412 Ἀρτέμιον

272 2420 510 2521 Aristophanes
503 2419 544 2496 igi
546 2422 601 2486 tur,
624 2421 673 2521 ηιιι
696 2420 806 2521 duplici
829 2421 913 2480 modo
936 2421 1146 2522 Anacr6ontem
1168 2421 1298 2518 imitatus
1331 2421 1374 2479 eet
1395 2418 1467 2492 (nam
1508 2475 1509 2496 5

272 2507 425 2583 poetaet
458 2496 475 2565 6
510 2498 729 2587 περιφόρητος
762 2495 932 2586 Ἀρτέμιον
971 2508 1000 2565 et
1033 2497 1051 2567 6
1082 2525 1158 2566 πονι
1155 2525 1223 2586 ρος
1256 2499 1273 2564 6
1309 2495 1469 2584 Ἀρτέμων

271 2588 355 2669 dixit)
379 2592 442 2651 cius
464 2591 553 2651 verba
574 2592 740 2652 immutarit
763 2608 797 2652 ea
820 2593 854 2652 de
877 2608 973 2663 causa,
995 2593 1028 2651 ut
1050 2593 1150 2652 contra
1172 2592 1303 2651 omnium
1332 2591 1467 2668 exspecta-

269 2679 377 2738 tionem
400 2677 443 2736 sic
465 2694 591 2753 pergens
613 2677 717 2738 acerba
740 2695 804 2738 eum
820 2678 956 2738 irrisione
970 2676 1044 2737 illud
1062 2678 1157 2737 dicere
1180 2677 1307 2737 voluisse
1323 2677 1467 2736 videretur.

269 2763 343 2837 Quia
364 2765 461 2823 autem
490 2762 546 2822 hoc
575 2763 668 2835 modo,
699 2761 802 2823 leviter
830 2766 943 2823 lantum
972 2779 1032 2822 rem
1064 2763 1203 2834 indicans,
1226 2763 1262 2823 ad
1288 2762 1467 2822 Anacreontis
1507 2775 1508 2817 i

272 2849 360 2909 verba
382 2847 496 2921 alludit
476 2850 631 2908 tconstat
653 2851 715 2909 tum
732 2849 794 2909 eius
817 2851 945 2909 carmina
961 2848 1085 2908 Athenis
1107 2850 1236 2908 omnium
1260 2848 1292 2907 in
1315 2864 1364 2908 ore
1378 2846 1467 2906 fuisse

270 2934 351 3009 Quod
374 2935 524 2995 extribus
547 2933 612 2994 altis
635 2951 749 3012 quoque
770 2934 841 2994 locis
863 2953 920 2995 non
943 2935 1040 2994 minus
1063 2938 1183 3035 appar6t
1206 2931 1466 3034 (ci.Thcsm.161

269 3018 598 3082 av.13725Atnco
622 3018 675 3079 XV
699 3019 802 3080 6945:
834 3012 868 3079 65
891 3015 1109 3080 Δαιταλεῦσιν
1132 3009 1286 3098 λέγων’
1254 3008 1376 3091 οότως·
1397 3004 1467 3100 ᾆσον

271 3099 389 3187 δήμιοι
413 3096 543 3166 σκόλιόν
564 3125 597 3165 τι
620 3098 729 3184 ιαβιδν
749 3095 903 3167 Ἀλκαίου
934 3095 1190 3206 κοῖνφικρέηντος)
1238 3103 1414 3165 Scholiastes
1433 3102 1465 3159 ad
1506 3089 1507 3123 δ

269 3189 321 3250 illa
350 3189 563 3293 Aristophanis
584 3192 674 3251 verba
703 3189 776 3251 haec
806 3192 939 3251 adnotat:
971 3179 1040 3252 οὐδ’
1072 3182 1089 3251 6
1123 3182 1363 3294 περιπόνιρος
1399 3179 1466 3248 ὡσεὶ

270 3267 411 3376 ἔλεγεν(
397 3295 415 3334 ο
438 3267 661 3378 περιφόρητος
676 3265 854 3378 Ἀρτέμιον,
879 3267 949 3338 6556
970 3277 1027 3378 τῆς
1049 3211 1306 3379 παροιμίαςός
1286 3269 1463 3374 ςμέμνιμαι
1505 3313 1506 3322 .

270 3380 325 3421 και
317 3351 531 3462 Ἀνακρέων,
534 3353 751 3464 ταχθείοης
735 3381 793 3422 επι
785 3325 909 3464 5655
925 3382 981 3422 και
974 3323 1174 3465 δρπαζομ’
1144 3380 1228 3463 55565
1241 3356 1327 3460 πρὸς
1344 3351 1466 3421 πόντων

271 3440 401 3548 πμιδός.
424 3468 493 3527 παρ
530 3439 689 3508 ὑπόνοιαν
711 3439 790 3508 δι”
769 3465 831 3530 εφη
853 3443 891 3509 56
909 3437 1088 3548 Ἀρτέμων
1111 3437 1146 3508 οί
1170 3442 1230 3528 γὰρ
1254 3446 1370 3509 τοῦτον
1391 3435 1464 3506 ἄλλοι

270 3526 327 3593 τδν
350 3532 517 3639 Κρατῖνον
529 3526 690 3636 βούλεται
714 3493 866 3638 555566.
891 3526 1092 3613 σονεχρόνισε
1107 3527 1143 3595 δέ
1135 3533 1205 3635 5556
1227 3525 1355 3633 δικαίην
1365 3522 1464 3674 'Apr6-

270 3608 417 3721 τείδη
382 3611 509 3692 οιτοςὸ
512 3609 707 3723 Ἀρτέμων,
729 3610 766 3690 ὃς
781 3639 817 3701 ην
818 3609 966 3721 δίριστος
980 3611 1170 3722 μηχανηιής.
1195 3613 1250 3721 656
1266 3612 1356 3680 δὲτο
1371 3613 1464 3716 χωιην

269 3682 367 3808 66565
388 3693 480 3781 εἶναι,
510 3695 596 3766 ὅπου
626 3696 666 3765 65
695 3666 890 3811 ίιατειληφει
912 3699 1058 3802 πόλεμος
1079 3698 1135 3765 καὶ
1164 3697 1256 3806 χρεία
1278 3703 1414 3804 μηχανῆς
1432 3719 1463 3800 ην
1504 3659 1505 3733 δ

270 3783 328 3852 ε’πι
350 3785 389 3853 56
409 3789 517 3892 τεῖχος
538 3787 791 3893 ηαταβληθηναι,
783 3811 890 3896 ,ητο
921 3787 1077 3893 55556555,
1105 3784 1355 3891 μετεπέμποντο
1377 3779 1461 3850 αὐτόν

269 3869 364 3959 φερόμ
366 3895 456 3978 ιηνον.
489 3867 559 3939 6556
591 3869 706 3938 506555
735 3863 830 3961 5655
860 3897 974 3957 555555
961 3868 1031 3956 μία.
1073 3870 1128 3936 καί
1158 3867 1282 3949 πάντες
1314 3867 1346 3937 οἱ
1380 3861 1504 3954 σοφοὶ

269 3954 482 4044 περιφόρητοι
503 3958 686 4024 καλοῦνται.
731 3961 814 4024 Duae
836 3964 998 4024 sententiae
1020 3963 1091 4041 quin
1120 3963 1162 4034 ibi
1185 3963 1395 4022 contaminatae
1416 3955 1465 4017 sini

273 4049 394 4110 dubium
430 4066 494 4110 csse
530 4067 587 4110 non
624 4051 724 4127 potest.
775 4050 818 4108 Ac
854 4049 982 4126 primum
1019 4048 1138 4127 quidem
1175 4046 1254 4108 huno
1292 4050 1462 4108 Artemonem

269 4133 498 4195 machinatorem
532 4138 560 4196 ct
596 4133 732 4196 claudum
771 4135 862 4195 luisse
901 4133 1074 4195 scholiastes
1114 4134 1184 4194 dicit
1216 4132 1345 4194 similem
1375 4131 1408 4192 do
1437 4143 1462 4187 eo

270 4221 439 4281 memoriam
470 4222 555 4299 atque
586 4220 721 4299 Ephorus
752 4223 877 4294 secutus,
908 4222 937 4281 et
958 4220 1096 4281 Aristidis
1129 4221 1258 4298 tempore
1282 4236 1348 4280 eum
1369 4217 1461 4279 vixisse

275 4435 279 4446 ·
336 4407 379 4465 55)
398 4405 585 4454 Clazomenium
602 4408 675 4455 illurn
693 4407 768 4454 tuisse
787 4414 871 4454 narrat
890 4405 965 4455 Diod.
984 4406 1032 4452 XII
1052 4407 1092 4468 28,
1111 4406 1153 4466 qui
1172 4405 1203 4454 ab
1221 4405 1323 4466 Ephoro
1342 4403 1430 4466 pendet.
