3078 5108
754 1155 866 1242 ceput
886 1155 1048 1224 tertium.

774 1314 831 1386 De
857 1313 1023 1406 syntaxi.

385 1521 468 1597 Quod
481 1521 673 1582 Anacreontis
687 1520 804 1582 dioendi
826 1537 920 1598 genus
934 1521 974 1580 eit
988 1519 1045 1580 hoo
1066 1520 1097 1580 in
1112 1536 1144 1580 re
1159 1519 1359 1598 oognosoende
1374 1521 1505 1580 veterum

299 1633 468 1694 austeritate
488 1633 532 1692 uti
552 1632 630 1704 lieet,
652 1648 670 1693 a
691 1631 799 1710 quibus
822 1631 885 1692 eius
908 1629 1078 1692 eloontionis
1105 1631 1295 1710 proprietates
1317 1631 1505 1692 nominantur

299 1731 437 1826 ἀφέλεια
471 1746 500 1804 et
529 1732 742 1826 γλαφυρότης.
786 1743 882 1821 Atque
915 1741 1122 1819 Hermogenes,
1153 1743 1205 1820 qni
1238 1735 1315 1821 περὶ
1346 1733 1454 1802 ἰδεῶν
1482 1739 1506 1801 Π

300 1871 363 1933 oep.
387 1854 405 1916 3
429 1847 506 1934 περὶ
529 1843 683 1937 ἀφελείας
705 1854 772 1932 egit
802 1852 943 1932 simpliois
975 1853 1113 1914 orationis
1142 1853 1300 1914 sententias
1329 1852 1373 1913 sio
1404 1852 1523 1936 definit}

291 1965 348 2042 .(11
371 1965 433 2028 351
456 1964 593 2045 Speng.):
615 1956 737 2028 ἔννοιαι
758 1956 866 2026 τοίνυν
887 1955 970 2026 εἰσὶν
990 1953 1146 2046 ἀφελείας
1173 1953 1288 2035 ἁπλῶς
1315 1957 1377 2043 μὲν
1399 1943 1523 2026 εἰπεῖν

301 2069 336 2140 αλ
357 2069 516 2162 καθαραί,
528 2077 571 2156 (λα
587 2095 611 2139 e.
628 2074 804 2156 dilnoidae)·
828 2067 862 2138 oti
878 2121 909 2138 ..
932 2066 1088 2138 ἁπάντων
1108 2063 1297 2157 ἀνθρώπων
1318 2068 1432 2136 καιναὶ
1459 2067 1506 2136 καὶ

303 2181 353 2263 εἰς
384 2181 513 2263 πάντας
543 2176 782 2271 ἀνελθοῦσαιῆ
810 2179 951 2264 δόξασαι
980 2175 1133 2248 ἀνελθεῖν
1161 2180 1218 2247 καὶ
1244 2181 1345 2269 μηδὲν
1375 2178 1505 2264 ἔχουσαι

302 2293 393 2381 βαθὺ
412 2294 495 2384 μηδὲ
519 2293 784 2381 περινενοημένον
807 2295 851 2378 (h.
875 2315 898 2360 ε.
921 2298 1089 2376 sententias,
1120 2313 1194 2376 quae
1225 2314 1319 2377 neque
1340 2298 1523 2361 reoonditee‘

302 2413 371 2473 sunt
392 2427 487 2490 neque
514 2410 705 2488 ambiguitate
734 2408 968 2488 intellegentiam
1000 2406 1190 2486 ooniirndunt)
1214 2456 1344 2472 .....
1366 2395 1523 2488 Βλαςιιλεε

302 2523 393 2600 igitur
413 2538 562 2600 personae,
584 2539 658 2600 quas
685 2522 748 2583 eine
770 2538 889 2600 poeseos
911 2519 1037 2599 simplex
1057 2517 1172 2582 indoles
1194 2519 1387 2598 ampleotitur,
1408 2523 1507 2599 partes

304 2649 374 2695 sues
404 2633 447 2693 sio
477 2633 611 2706 subeunt,
640 2634 673 2694 ut
705 2649 805 2694 oerum
837 2649 884 2694 res
916 2633 944 2693 et
974 2631 1105 2693 oondioio
1135 2631 1307 2694 desiderent.
1353 2631 1432 2694 (inm
1459 2633 1507 2693 hae

303 2745 403 2806 autem
435 2745 573 2805 orationis
607 2742 795 2821 simplieitete
834 2760 898 2804 eam
930 2759 1045 2822 quoqne
1080 2743 1287 2820 proprietatem
1323 2743 1507 2805 ooninnotem

306 2872 370 2916 esse
404 2855 604 2934 Hermogenes
640 2855 748 2933 porgit,
785 2858 819 2916 nt
853 2855 938 2934 poeto
969 2870 1189 2932 nonnumquam
1225 2854 1313 2915 etiam
1346 2851 1408 2914 alia
1448 2872 1509 2932 pro

242 3010 245 3016 .
304 2964 382 3028 ierre
403 2966 537 3028 videatur
568 2983 634 3027 oum
656 2966 778 3038 notione,
801 2981 876 3044 quae
902 2981 955 3026 suo
976 2963 1040 3026 looo
1064 2963 1105 3038 ot,
1126 2962 1202 3025 ultro
1228 2969 1286 3025 non
1313 2964 1508 3027 cohaerentia

303 3075 382 3138 '1¹alis
411 3077 529 3156 quidem
558 3077 595 3138 ab
624 3076 736 3137 notione
766 3077 914 3154 proposito
948 3075 1140 3154 digressionis
1169 3075 1332 3154 exemplem
1368 3076 1401 3136 in
1432 3077 1508 3136 Ana

305 3189 430 3250 creontis
451 3186 624 3266 fragmentis
650 3183 748 3248 adhue
778 3187 901 3248 serratis
922 3202 981 3248 non
1011 3187 1110 3259 exstet,
1141 3188 1194 3248 sed
1215 3186 1415 3265 Hermogenes
1441 3189 1508 3267 qun

303 3302 381 3362 reete
402 3299 575 3361 indieeverit
597 3298 719 3360 dubium
746 3315 810 3359 esse
832 3315 889 3358 non
904 3298 1026 3361 videtur.
1058 3297 1121 3359 Hoo
1144 3301 1223 3361 oerte'
1243 3297 1437 3360 memorabile
1461 3300 1506 3368 eet

305 3411 518 3490 quodpropter
538 3409 614 3470 hano
635 3426 699 3470 rem
719 3411 947 3471 Aneoreonteam
976 3411 1079 3488 poesin
1108 3427 1175 3471 oum
1196 3409 1365 3472 iheooritea
1388 3411 1505 3473 eonfert

392 3520 469 3582 Hnie
504 3521 604 3582 entem
635 3537 756 3600 poeseos
787 3521 939 3595 tenuitati,
981 3537 1055 3600 qnae
1088 3519 1226 3599 vulgares
1258 3523 1371 3583 tantum
1406 3539 1508 3584 oanses

306 3633 432 3695 eontinet
453 3634 482 3693 et
503 3633 534 3694 in
549 3632 610 3693 vite
631 3632 780 3693 eommuni
795 3631 905 3703 obvias,
927 3632 1103 3711 respondent
1117 3633 1205 3694 etiem
1221 3632 1285 3694 eins
1299 3634 1506 3696 sententiarum

306 3743 427 3822 figurae.
469 3743 591 3805 aneto
612 3735 691 3826 περὶ
719 3730 812 3826 ἀφελ.
836 3734 904 3823 toy.
926 3742 958 3804 11
981 3740 1042 3803 513
1075 3741 1199 3822 Spong.:
1229 3738 1271 3804 τά
1293 3736 1330 3804 δὲ
1359 3735 1508 3826 σχήματα

307 3847 435 3918 ...ἐν
464 3851 511 3936 τῷ
540 3841 656 3936 ἀφελεῖ
686 3844 800 3936 (λόγῳ)
832 3844 993 3935 ἀνειμένα,
1025 3845 1118 3916 ἁπλᾶ
1119 3899 1316 3932 .......
1339 3847 1508 3940 κοινότερα

306 3959 361 4027 καὶ
382 3953 669 4027 ἀναπεπτωκότα·
780 3959 881 4026 ταῖιια
903 3959 940 4027 δὲ
960 3953 1065 4050 ἀφελῆ
1079 3961 1186 4045 (ποιεῖ
1207 3959 1264 4029 τὸν
1285 3955 1396 4047 λόγον)
1413 3958 1460 4042 ὡς
1473 3957 1508 4029 ἀν

308 4069 458 4139 ἰδιωτικὰ
479 4069 534 4137 καὶ
550 4067 724 4160 ὁμιλητικὰ
739 4068 825 4138 ὄντα.
862 4075 1011 4155 Simpliois
1024 4077 1116 4155 igitur
1129 4076 1211 4139 illius
1226 4078 1364 4139 orationis
1378 4081 1509 4158 proprIas

309 4205 373 4251 esse
394 4188 513 4268 figoros,
546 4186 650 4266 qualos
671 4189 703 4249 in
725 4185 916 4249 eollooutione
937 4187 1072 4250 homines
1093 4187 1234 4250 adhibere
1264 4187 1365 4261 solent,
1388 4207 1508 4270 eamque

307 4300 346 4361 ed
368 4299 506 4361 cotidiani
527 4299 669 4360 sermonis
690 4315 822 4360 normam
848 4297 1003 4360 formatam
1034 4316 1098 4361 esse
1129 4300 1249 4362 indioat.
1292 4298 1390 4361 Huius
1413 4304 1508 4363 autem

309 4409 441 4489 exempla
463 4411 534 4470 satis
556 4409 648 4470 multa
662 4410 738 4488 epod
754 4411 965 4471 Anaoreontem
979 4411 1102 4472 inveniri
1118 4411 1195 4472 inire
1209 4410 1332 4475 videbis.
1354 4409 1509 4476 Praetereo
