3078 5108
754 317 947 381 ,g-

249 518 395 595 rituparat
414 515 525 594 Phryn.
547 514 609 578 308
632 515 722 578 Lon:
750 509 875 595 μοκλόν
902 508 947 597 μὴ
972 509 1044 595 λέγε
1074 509 1130 575 διὰ
1152 509 1209 576 τοί·
1230 517 1265 573 κ·
1296 505 1464 593 ἀδόκιμον

249 621 332 707 γάρ·
353 617 439 688 ἀλλὰ
461 622 518 687 διὰ
540 626 597 688 τοῐ·
616 630 637 702 2
658 626 731 701 (alio
752 626 817 687 loen
838 645 895 687 non
916 627 1086 702 invenitur).
1128 625 1174 686 Er
1195 628 1234 685 iis
1254 627 1353 703 igitur,
1382 642 1463 703 quae

252 741 289 800 de
310 739 453 800 modste
474 739 636 811 traduntm,
658 737 829 798 concludere
851 755 909 798 non
930 737 1002 798 licet
1022 755 1091 798 eum
1111 738 1303 798 Ammeentis
1324 737 1458 797 earmina

250 851 435 912 messuisse
456 852 507 910 aut
528 851 769 910 commentarium
790 851 823 909 in
845 865 880 909 ca
901 849 1064 926 scripsisse
1107 850 1204 926 Atque
1225 849 1327 908 οοοοοι
1348 865 1395 906 res
1412 849 1459 906 est

251 962 339 1021 otiam
368 963 401 1021 iu
429 960 624 1038 Aristophane
652 961 801 1037 Bynntio.
843 959 965 1020 Praeter
991 959 1155 1037 Bargkium
1185 960 1306 1037 quidem
1334 958 1457 1018 Grusius

251 1089 365 1151 quoque
387 1071 420 1151 (1.
442 1091 466 1132 c.
480 1090 508 1150 p.
525 1071 621 1145 2035>
641 1071 728 1132 illum
751 1072 914 1132 oerminum
935 1071 1135 1131 recensionem
1156 1069 1262 1130 facino
1283 1085 1457 1146 persumum

250 1182 348 1258 habet,
379 1185 432 1244 sed
459 1187 538 1244 reete
568 1185 629 1243 iam
656 1181 813 1244 Nauckius
842 1183 1084 1243 animadvertisse
1112 1181 1188 1241 mihi
1217 1181 1335 1241 videtur
1354 1180 1459 1254 (Arist

250 1294 321 1372 Byr
341 1312 370 1372 p.
394 1293 443 1354 el.
467 1294 543 1371 111)
566 1311 609 1365 ea,
631 1311 707 1371 quae
729 1294 765 1355 de
787 1295 882 1354 cervis
903 1310 1012 1354 cornua
1033 1294 1196 1353 secundum
1217 1296 1318 1370 poetas
1339 1279 1461 1352 occul

251 1406 309 1466 bus
339 1406 417 1483 apud
446 1404 538 1466 schol.
567 1403 652 1464 Pind
680 1408 709 1464 et
730 1405 791 1464 Ael.
813 1403 835 1466 l.
857 1423 882 1464 c.
905 1405 1051 1476 dicuntur,
1082 1405 1196 1464 interno
1226 1405 1353 1482 quodam
1381 1420 1460 1463 nexu

253 1515 407 1577 cohaerere
429 1533 497 1576 cum
517 1516 565 1586 iis,
594 1532 669 1593 quae
698 1534 733 1576 ex
761 1515 967 1593 Aristophanis
995 1511 1137 1592 Λέξεων
1166 1516 1264 1576 reddit
1285 1513 1461 1575 llustathius

253 1626 346 1697 1625,
365 1627 407 1686 44
423 1628 477 1700 (=
491 1627 525 1687 fr.
540 1626 584 1686 lv
597 1625 662 1699 Nl:
684 1672 692 1686 .
710 1672 719 1687 .
735 1674 741 1687 .
759 1672 767 1686 .
790 1621 873 1705 λέγει
889 1625 1128 1704 (Aristophanes)
1143 1621 1181 1686 δὲ
1200 1672 1306 1686 .....
1328 1620 1385 1686 καὶ
1406 1615 1461 1686 ὅτι

252 1725 344 1816 αἶγες
364 1732 420 1798 καὶ
442 1726 509 1810 ὄϊες
522 1731 654 1820 θήλειαι
670 1733 793 1819 κέρατα
806 1730 968 1810 πολλάκις
982 1729 1114 1812 ἔχουσαι
1130 1730 1264 1819 κερᾶὄες
1277 1733 1460 1798 καλοῦνται.

251 1848 333 1923 Quae
348 1866 415 1909 cum
429 1851 472 1909 ite
485 1850 552 1921 sint,
573 1867 650 1910 unus
664 1852 776 1910 hatum
791 1852 882 1909 restat
895 1849 1092 1918 Aristarchus,
1114 1850 1163 1909 eui
1179 1849 1255 1908 hanc
1269 1850 1464 1908 Anacreontis

253 1960 416 2020 carminum
448 1962 647 2021 recensionem
674 1961 854 2031 tribuemus,
884 1976 959 2037 quae
990 1961 1028 2019 ab
1059 1959 1276 2036 Hephaestione
1307 1962 1464 2037 opponitur

251 2070 289 2153 τῇ
311 2069 366 2131 νῦν
387 2063 515 2132 ἐκδόσει
526 2071 575 2149 ⁹):
603 2075 754 2148 praeterae
785 2073 856 2149 quia
884 2070 1054 2131 Athenaeus
1084 2073 1116 2130 in
1138 2071 1350 2140 dissertatione,
1372 2087 1463 2148 quam

253 2184 290 2242 de
319 2183 510 2243 Anacreontis
531 2182 565 2244 ir.
588 2182 627 2241 41
651 2183 777 2242 instituit
805 2185 853 2254 (de
875 2199 934 2261 qua
954 2200 981 2240 r.
1002 2181 1079 2241 intra
1101 2199 1124 2240 a
1147 2173 1264 2258 λίνος),
1294 2181 1368 2242 haec
1390 2181 1464 2240 dicit

254 2292 319 2365 (XV
344 2293 405 2353 671
422 2293 470 2366 t):
498 2283 715 2374 Ἀρίσταρχος
746 2283 764 2352 ὁ
795 2284 1107 2372 γραμματικώτατος
1128 2338 1136 2352 .
1161 2337 1168 2352 .
1192 2283 1402 2373 ἐξηγούμενος
1422 2286 1464 2353 τὸ

252 2395 372 2484 χωρίον
395 2403 514 2478 (Anacr.
528 2403 548 2462 l.
566 2399 612 2480 c),
635 2395 696 2485 ἔφη
712 2451 719 2462 .
735 2451 758 2476 .,
782 2402 996 2475 Aristarchum,
1025 2405 1075 2481 qui
1106 2404 1298 2464 Anacreontis
1332 2404 1466 2463 carmina

253 2519 392 2592 perpetuo
422 2515 560 2575 instruxit
593 2509 798 2574 'commentario
829 2503 1081 2593 (Ἀνακρέοντος
1108 2506 1285 2596 ὑπόμνημα
1315 2515 1465 2592 quoddam

254 2628 460 2686 commemorat
481 2625 569 2686 Orion
590 2624 675 2697 3,11
698 2653 741 2674 =
762 2625 797 2686 fr.
821 2624 905 2702 134),
928 2642 1027 2686 eorum
1042 2627 1242 2686 recensionem
1258 2643 1371 2704 quoque
1386 2643 1466 2704 quae

257 2735 351 2797 valuit
371 2736 477 2796 fecisse
499 2754 557 2796 non
578 2738 642 2796 sine
664 2735 869 2814 probabilitate
893 2739 986 2797 conici
1007 2739 1123 2814 poterit

340 2845 448 2908 Suidas
470 2847 507 2910 (s.
529 2847 570 2924 v.)
594 2849 630 2908 de
658 2849 744 2924 poeta
773 2849 858 2909 dicit:
890 2839 1034 2928 ἔγραψεν
1068 2841 1194 2926 ἐλεγεῖα
1225 2842 1282 2907 καὶ
1314 2841 1465 2929 ἰάμβους,

249 2946 332 3019 Ἰάδι
356 2950 465 3019 πάντα
487 2952 659 3038 διαλέκτῳ,
680 2958 732 3018 ubi
746 2952 828 3039 μέλη
843 2958 1057 3030 desiderantur;
1080 2962 1157 3036 quod
1177 2959 1286 3036 legitur
1299 2959 1467 3038 paullulum

253 3069 344 3130 infra:
367 3064 500 3130 ...καὶ
522 3064 706 3151 σονέγραψε
728 3061 886 3149 παροίνια
914 3088 949 3130 τε
977 3064 1060 3150 μέλη
1090 3065 1145 3131 καὶ
1176 3061 1314 3149 ἰάμβους
1344 3067 1400 3132 καὶ
1422 3059 1464 3131 ucx

254 3172 437 3260 καλούμενα
454 3169 714 3259 Ἀνακρεόντεια,
737 3178 890 3256 Byzantiui
905 3181 1057 3242 cuiusdam
1072 3183 1128 3241 viri
1144 3183 1220 3241 docti
1235 3183 1467 3242 additamentum

257 3300 303 3351 est
326 3290 464 3366 (Grusiue
486 3290 505 3351 l.
522 3310 545 3351 ο.
560 3309 587 3369 p.
604 3290 711 3367 2041).
745 3292 937 3352 Anacreontis
959 3293 1089 3352 carmina
1103 3292 1184 3353 velut
1198 3291 1335 3370 Sapphus
1349 3310 1469 3372 quoque

254 3402 417 3462 secundum
440 3403 526 3462 metri
541 3402 741 3462 diversitatem
757 3402 788 3460 in
811 3402 946 3480 singulos
961 3401 1053 3463 libros
1068 3403 1238 3464 distributos
1259 3403 1351 3464 tuisse
1365 3403 1467 3481 Bergk

255 3657 358 3716 eiusque
384 3657 464 3716 gentis
482 3661 653 3716 paupertatem
680 3656 770 3702 acerba
797 3655 910 3704 irrisione
935 3655 1045 3704 illudens
1062 3659 1116 3719 (2³,
1134 3654 1176 3721 8):
1202 3657 1262 3704 nibil
1290 3623 1390 3716 timetis,
1417 3671 1468 3704 nen

254 3741 376 3804 incendia,
393 3755 444 3788 non
462 3755 552 3801 graves
581 3741 675 3799 ruinas
697 3756 747 3788 non
773 3742 839 3788 turta
865 3737 941 3806 (tacta
963 3741 997 3786 V:
1024 3756 1086 3790 corr.
1105 3739 1200 3807 Haupt)
1222 3742 1306 3803 impia.
1333 3769 1367 3778 ·-
1396 3743 1467 3789 Haec

256 4084 321 4144 apud
339 4083 517 4131 Archilochum
538 4081 648 4128 nondum
667 4086 754 4130 exstat.
781 4081 1216 4145 cr.Ar.apudAcaen.u191b,
1243 4085 1332 4132 deinde
1348 4084 1408 4131 ibid.
1427 4085 1463 4130 Vt

256 4169 341 4218 abad.

325 4253 352 4316 9)
369 4255 500 4302 Pruterea
524 4253 586 4300 haec
610 4253 726 4300 cuminis
752 4253 826 4313 primi
851 4252 953 4300 metrica
981 4252 1130 4314 distributio,
1160 4269 1222 4314 quse
1247 4260 1349 4302 octonos
1375 4268 1463 4302 versus

257 4339 437 4401 complectitur,
453 4340 522 4386 illam
541 4338 674 4386 editionem
691 4352 741 4385 non
760 4336 792 4384 ab
809 4339 902 4398 insigni
918 4339 1026 4398 quodam
1044 4340 1204 4398 grammatico
1222 4354 1277 4387 esse
1294 4341 1385 4387 tactam
1403 4341 1464 4387 setis

256 4426 356 4474 indicat.
