3078 5108
572 346 788 414 „35-

171 543 229 605 141
267 572 309 596 =
333 545 394 608 107
416 545 475 609 Β..

164 545 266 735 Apud(
282 542 594 736 Homerum)quidem
626 659 694 738 pluo
726 676 814 738 quam
847 661 939 722 semel
970 653 1117 742 πόλεμος
1149 656 1285 747 δυσηχὴς

79 769 251 842 nominatur,
274 769 326 830 sed
348 771 424 848 quod
439 768 493 830 hoo
508 771 539 830 in
555 771 763 849 epigrammate
778 770 895 849 legium,
917 790 974 834 non
997 776 1048 844 eet,
1071 791 1123 834 our
1136 774 1283 837 lemmatis

79 878 169 940 fidem
204 881 236 941 iu
272 880 395 942 dubium
430 898 577 944 vooemue.
633 881 721 944 Poeta
758 884 850 952 euim,
887 901 954 944 oum
993 886 1101 946 dioeret
1136 878 1284 966 πόλεμον

81 983 278 1074 δακρυόεντα
295 989 358 1072 (94,
374 989 407 1071 2)
418 986 459 1072 4),
482 1010 539 1054 σου
560 994 659 1054 minue
680 997 742 1055 arto
758 995 919 1057 Homerum
941 999 1059 1059 eeeutue
1082 999 1126 1058 aet
1139 997 1189 1074 (oi.
1205 997 1286 1060 volut

84 1099 113 1162 Θ
137 1101 223 1180 388).

170 1213 229 1274 143
253 1214 309 1290 (--
334 1212 474 1292 111Β.).

168 1325 243 1387 Ordo
265 1325 468 1404 alphabetides
491 1327 609 1405 quidem
633 1327 683 1388 hio
705 1328 863 1402 διεσκίδνη
885 1332 1016 1392 attamen
1036 1332 1212 1393 Anacreonti
1234 1332 1286 1393 ab·

81 1437 273 1498 iudieandum
306 1455 363 1499 non
397 1440 449 1501 oet
500 1437 691 1517 Epigramma
720 1441 953 1518 praetereuntem
986 1440 1157 1522 alloquitur,
1190 1460 1285 1522 aquo

79 1550 162 1626 petit,
184 1550 217 1610 ut
237 1551 375 1628 preoibue
389 1548 566 1612 Mamurium
582 1567 688 1612 vooaue
703 1549 862 1613 Timonaoti
885 1553 974 1614 deum
997 1554 1154 1633 propitium
1171 1553 1285 1627 effioiat,

81 1650 118 1733 ὅς
140 1649 184 1742 μ>
207 1649 356 1745 ἒρατυῖσ’
379 1649 514 1743 ἀγλαΐην
537 1653 721 1744 προθύροις
744 1653 841 1747 Ἑρμᾷ
867 1682 902 1724 τε
923 1656 1063 1746 κριίυντι
1085 1660 1285 1729 καθίσσατο.

80 1771 214 1834 Eandem
246 1773 388 1834 habemur
417 1772 573 1834 formulam
601 1775 687 1852 atquo
708 1775 740 1834 in
772 1773 832 1836 142
855 1767 914 1858 σήν
936 1790 975 1836 τε·
998 1768 1102 1858 χάριν,
1135 1770 1284 1855 Διόνυσε,

81 1878 137 1944 καὶ
162 1872 281 1964 ἀγλαὸν
303 1875 396 1944 δίστει
417 1875 551 1964 κόσμον.
594 1883 696 1946 Statua
717 1887 809 1964 igitur
839 1889 890 1960 eet,
918 1903 994 1965 quae
1021 1889 1053 1948 in
1074 1891 1221 1968 gymnasii
1241 1892 1287 1951 in-

80 1996 172 2056 troitu
195 1997 257 2056 erat
277 1995 372 2073 posita
393 1994 538 2056 Mereurio
561 1994 696 2057 ludorum
717 1998 920 2076 gymnicorum
942 1998 1057 2060 fautori.
1094 1993 1286 2063 andbundun

81 2134 125 2156 =
148 2097 305 2188 ἱδρύσατο
328 2104 379 2187 (oi.
391 2096 604 2167 καθέσσαντο
625 2105 710 2170 Pind.
725 2104 758 2170 P.
779 2105 887 2186 vla).
909 2101 1025 2191 κρείων
1045 2109 1209 2174 Morouriua
1231 2111 1287 2174 hoo

80 2221 197 2280 nurum
218 2217 280 2279 loeo
302 2219 482 2290 nominatum
513 2217 549 2278 de
579 2218 642 2278 deis
673 2219 752 2296 apud
779 2219 939 2281 Homerum
961 2238 1077 2300 quoque
1102 2223 1135 2284 in
1155 2241 1212 2284 neu
1235 2226 1286 2297 est

85 2328 169 2391 valui
191 2330 227 2391 de
256 2327 392 2409 Neptuno
424 2331 452 2391 et
473 2329 551 2390 Iove.
593 2327 769 2392 'limonaotie
800 2348 905 2392 nomen
936 2333 1011 2394 redit
1039 2334 1070 2395 iu
1099 2333 1183 2395 titulo
1204 2333 1288 2396 'Peioz

83 2440 119 2502 ei.
144 2441 177 2504 0.
198 2441 222 2502 I.
245 2440 279 2504 Gr.
301 2442 332 2502 II
355 2441 448 2505 3099.

172 2551 232 2613 144
256 2552 310 2629 (=
332 2551 403 2616 Sim.
427 2553 488 2615 150
511 2553 567 2630 Β.).

170 2661 247 2725 Ordo
280 2663 485 2744 alphabetious
516 2667 601 2727 antea
633 2666 811 2743 interruptus
843 2665 992 2743 reeipitur,
1024 2666 1076 2728 sod
1107 2667 1289 2746 epigramma

81 2777 273 2838 Auaoreontie
297 2793 361 2838 earo
383 2794 441 2838 nou
461 2779 572 2857 poteet;
594 2775 650 2838 hoo
672 2779 751 2855 patet
766 2794 782 2838 e
797 2776 905 2837 oodioia
920 2774 1050 2838 Palatini
1071 2780 1220 2842 memoria
1251 2777 1288 2841 Iu

152 2996 180 3064 4)
198 2998 300 3046 Poetem
318 3013 368 3047 nou
385 2998 411 3046 in
428 2999 475 3046 hae
492 3003 588 3046 tantum
605 2999 739 3059 locutione,
757 2998 800 3046 sed
817 3012 862 3058 per
880 3003 958 3045 totum
976 3011 1074 3058 quoque
1090 2999 1164 3048 huius
1182 3000 1286 3060 elegiaci

86 3084 207 3132 carminis
224 3085 388 3146 fragmentum
406 3084 439 3132 ab
457 3084 527 3146 epioo
539 3097 652 3149 sermone
669 3084 776 3144 pendere
793 3083 920 3146 videmue;
937 3089 1019 3130 tamen
1037 3098 1086 3131 non
1104 3085 1158 3133 ain'e
1175 3084 1289 3134 libertate

82 3171 192 3232 quadam
217 3171 268 3218 eiua
294 3171 433 3231 exemplum
459 3171 569 3219 imitetur
595 3170 692 3236 (eadem
718 3183 757 3218 ree
783 3175 820 3216 eet
844 3169 917 3216 etiam
942 3170 967 3215 in
985 3169 1038 3216 εἰσιν
1061 3169 1239 3231 epigrammate
1256 3173 1287 3222 A.

83 3259 114 3308 P.
134 3257 185 3304 Vll
204 3238 271 3305 220}
288 3257 319 3305 de
338 3271 387 3317 quo
403 3273 431 3306 υ.
448 3254 533 3318 inira),
551 3270 607 3304 oum
623 3255 685 3303 haee
703 3254 777 3303 dioit:
803 3245 832 3304 οδ
850 3251 939 3319 φιλέω,
959 3244 989 3312 ‘dr
1006 3253 1117 3319 κρητῆρι
1133 3251 1201 3318 παρὰ
1219 3253 1288 3322 πλέῳ

83 3336 251 3402 οἰνοποτάζων
274 3338 359 3393 νείκεα
383 3338 428 3392 καί
450 3336 559 3406 πόλεμον
583 3337 740 3405 δακρυόεντα
766 3337 843 3403 λέγει,
881 3332 935 3390 ἀλλ’
954 3331 1025 3397 ὅστις
1049 3337 1175 3392 Μουσέων
1197 3340 1289 3392 τεκαὶ

82 3421 170 3493 ιῖγλαά
197 3420 259 3492 δῶρ’
281 3421 437 3491 ’Δφροδίτης
455 3423 605 3491 συμμίσγων
630 3423 724 3491 ἐρατῆς
749 3417 891 3492 μνήσκεται
913 3418 1080 3490 εὐφροσύνης.
1107 3418 1191 3491 αἱγλαδι
1218 3425 1289 3492 δῶρα

82 3515 167 3576 (velut
183 3514 207 3562 A
225 3510 286 3580 213)
302 3518 327 3560 et
344 3505 407 3576 δῶρ’
425 3507 503 3577 ἐραταὶ
522 3542 568 3562 .·.
586 3505 742 3576 ’Λφρσδίτης
759 3507 793 3577 (Γ
812 3507 855 3577 dt)
873 3511 1012 3570 Homerne;
1028 3510 1117 3559 deiude
1133 3518 1216 3574 poeta,
1233 3527 1289 3560 oum

83 3613 213 3648 aenaeum
233 3613 318 3648 amare
335 3597 471 3660 profitetur,
489 3597 532 3659 qui
550 3598 677 3645 linearum
702 3602 726 3644 et
750 3597 856 3644 Veneris
879 3596 1011 3657 splendida
1036 3596 1102 3644 dona
1126 3598 1289 3646 comminuens

82 3685 195 3734 laetitiae
212 3685 346 3745 indulgeat,
372 3685 404 3732 ed
429 3684 612 3745 oppositionem
639 3696 713 3742 quem
738 3682 831 3742 eogitnt
853 3681 990 3742 augendam
1015 3680 1120 3730 verbum
1138 3678 1289 3746 συμμίσγειν

84 3772 134 3820 hue
153 3771 306 3832 tranopoauit
322 3786 352 3818 ex
370 3770 495 3818 loeutioue
511 3769 621 3817 Homero
638 3769 748 3816 nondum
766 3773 833 3828 uota,
850 3768 894 3815 aad
908 3768 940 3814 ad
958 3768 1051 3830 epicum
1069 3781 1207 3817 sermonem
1224 3773 1290 3816 certe

86 3858 227 3916 reserenda,
252 3871 315 3917 qnae
341 3857 468 3904 iuvenitur
493 3856 519 3903 in
537 3856 622 3908 inormi
647 3855 736 3915 lapidis
764 3855 939 3915 epigrammate
959 3853 1111 3919 (Hoffmann,
1137 3853 1193 3914 ryll.
1211 3853 1289 3914 epigr.

83 3957 167 4004 graec.
186 3940 261 4009 400:
279 3934 366 3994 ἐνθάδ’
382 3935 448 4007 ἀνὴρ
467 3931 569 4008 &puoch
588 3935 667 4006 κατ]σ“ι
685 3932 777 4000 δόρκια
794 3934 886 3997 παιδὸς
903 3934 1023 4002 ἐρασθείς
1040 3935 1125 3989 νείκεα
1143 3935 1289 4004 συμμείξειν

83 4024 198 4093 πόλεμόν
216 4019 241 4078 θ’
260 4021 315 4092 ἅμα
332 4022 496 4090 δακρυόεντα.
532 4027 596 4073 Nam
614 4027 767 4086 epigramma
784 4026 947 4074 Aneereontia
964 4024 1042 4074 verba
1058 4024 1180 4085 respirare
1197 4024 1289 4073 Kaibal

84 4129 137 4164 uon
155 4119 222 4163 reete
246 4115 352 4163 oonleelt
375 4111 418 4178 (ol.
436 4114 469 4160 ad
486 4113 563 4175 epigr.
584 4115 636 4174 19),
663 4113 720 4172 quie
741 4125 781 4160 ree
804 4125 868 4172 qaae
892 4110 929 4158 ibi
951 4111 1033 4172 agitur
1050 4125 1152 4173 prprruo
1175 4110 1288 4160 aliaest.

83 4205 169 4258 νεῖκος
194 4198 311 4264 πολέμοιο
336 4200 462 4248 Romame
489 4198 551 4246 dixit
568 4195 605 4266 (N
624 4200 683 4261 271,
702 4211 718 4248 σ
737 4200 796 4258 264,
814 4211 836 4248 ω
855 4193 915 4263 543)
944 4202 968 4246 et
985 4197 1108 4244 Pindarus
1135 4198 1165 4257 (Ι.
1184 4197 1220 4244 Vl
1238 4198 1292 4264 36),

83 4292 127 4336 Ar.
148 4299 218 4346 veep.
237 4288 287 4335 ίλδδ
306 4285 395 4333 chorus
413 4285 444 4332 de
461 4289 530 4346 patre
549 4298 605 4331 eum
623 4284 674 4330 lilio
693 4284 840 4331 conciliato:
867 4277 958 4347 φήμην
983 4277 1084 4348 α’γαδήν
1103 4279 1206 4348 λέξομεν
1224 4277 1291 4345 ὑμῖν,

82 4365 123 4425 δτι
142 4367 262 4437 γενναίως
279 4367 309 4422 ἐκ
327 4369 372 4421 τσῦ
389 4367 500 4434 πολέμου
518 4366 563 4420 καί
579 4367 625 4418 τοῦ
642 4365 741 4426 νείκους
758 4363 908 4434 ξυνεβήτην.
926 4395 957 4404 -
985 4369 1057 4428 opud
1076 4371 1165 4416 Aruer.
1185 4369 1210 4414 in
1229 4383 1254 4417 ν.
1274 4370 1285 4414 1

83 4455 212 4522 συστολην
228 4458 317 4506 haber:
337 4450 366 4508 αὖ
385 4453 474 4520 φιλέω,
493 4450 531 4514 ὅς.

1038 4539 1084 4600 3*
