3078 5108
765 331 977 396 ..24-

269 521 452 608 ἑκὲρδαναν,
475 521 622 591 κλέονται
639 517 672 589 δ’
696 521 731 591 όν
750 548 786 590 τε
800 522 1013 612 φορμίγγεσιν
1034 523 1068 590 δν
1090 519 1198 591 αύλιῖν
1219 549 1254 591 τε
1278 521 1476 613 παμφώνοις

269 629 437 719 ίμοκλαίς.

355 742 456 833 ύπέρε
473 777 515 800 =
531 752 602 812 tiber
612 786 656 794 -
667 750 728 825 hin,
740 754 776 813 de
789 754 882 826 motu;
899 741 1033 836 ἀσήμων
1047 744 1131 833 ύπὲρ
1147 745 1295 835 ἑρμάτων
1312 747 1475 837 φορέομαι

272 862 322 925 38.
367 861 415 923 Sio
438 865 516 941 apud
538 863 699 925 Homerum
722 881 837 951 quoqne
858 881 946 943 saepe
967 847 1123 926 invonitur.
1526 841 1527 930 l

357 965 440 1034 ύπόι
469 975 547 1052 apud
576 975 789 1037 Anaoreontem
820 975 856 1036 <ie
885 993 917 1037 re
946 978 1060 1037 tantum
1089 976 1204 1050 dieitur,
1231 993 1307 1056 qnae
1334 978 1478 1038 actionem

272 1088 417 1167 quandem
446 1086 514 1147 inde
536 1086 710 1165 pendentem
742 1087 909 1159 comitatum
940 1077 1095 1171 ἡμιόπων
1123 1079 1177 1149 ὑπ’
1201 1078 1307 1148 αὐλῶν
1328 1077 1477 1171 ὀρχεῖται

273 1197 322 1270 20,
346 1198 374 1260 2.
418 1197 462 1260 cf.
484 1195 576 1260 sohol.
598 1198 624 1258 A
649 1199 678 1258 Σ
697 1196 759 1259 492
782 1189 913 1280 νύμφας
942 1187 978 1259 δ>
1008 1193 1045 1261 ἐκ
1066 1193 1229 1281 θαλάμων
1258 1194 1381 1262 δαίδων
1408 1191 1477 1262 ύπδ

273 1299 516 1388 λαμπομενάων
544 1297 668 1391 ν’γίνεον
697 1297 760 1370 ύνδ
791 1300 893 1370 ύὶστυ·
923 1301 942 1392 ἡ
974 1301 1041 1372 ὑπὸ
1071 1298 1146 1374 σίντί
1177 1310 1234 1394 τῆς
1267 1304 1359 1392 μετύ,
1395 1304 1479 1390 μετὰ

273 1410 392 1504 δᾴδων.
419 1408 611 1502 Ἀρχίλοχος
626 1415 727 1500 (123)·
749 1410 838 1505 ᾄδων
859 1410 913 1482 ὑπ’
938 1409 1122 1506 αόληιῆρος.
1154 1420 1250 1486 Sohol.
1265 1425 1315 1486 Ar.
1330 1440 1376 1486 av.
1394 1423 1477 1484 1426

271 1523 355 1592 δπαί
369 1523 538 1612 πτερύγων
551 1523 586 1592 τί
606 1526 791 1613 προσκαλεῖ
807 1523 1010 1615 σοφώτερον·
1032 1523 1106 1595 όντί
1129 1533 1187 1596 τοῦ
1201 1529 1284 1615 μετὰ
1300 1527 1478 1614 πτερύγων.

266 1632 422 1714 Ἡσίοδος
456 1639 509 1722 (so.
542 1639 633 1722 283)·
667 1634 721 1704 τοί
751 1661 786 1724 γε
818 1638 879 1724 μὲν
910 1632 965 1705 οὖν
997 1635 1172 1724 γελόωντες
1203 1635 1267 1707 iu’
1301 1635 1479 1730 αόληιῆρος

273 1745 420 1827 ἕκαστος.
457 1752 542 1817 Pind.
558 1753 591 1816 0.
607 1753 650 1816 IV
672 1739 806 1835 2Ὦραι
826 1746 893 1817 δπδ
916 1746 1233 1838 ποικιλοφόρμιγγος
1254 1745 1371 1831 ἀοιδός
1393 1749 1479 1818 ἑλισ-

164 1842 166 1847 s
275 1856 420 1946 σόμεναι,
444 1864 545 1928 Harl
571 1865 609 1927 17
632 1859 840 1948 ἐστρατεύετο
856 1861 900 1928 «δὲ
923 1865 1082 1948 (Alyattes)
1105 1859 1172 1930 δπδ
1195 1843 1357 1950 συρίγγωνΙ
1372 1888 1407 1930 τε
1424 1863 1480 1930 καὶ

274 1968 442 2060 πηκτίδων
465 1971 522 2038 καί
544 1966 650 2038 αὐλῶν
671 1970 855 2061 γυναικηίου
875 1997 912 2039 τε
933 1973 990 2041 καί
1011 1967 1173 2062 ἀνδρηίου.

357 2087 506 2149 'tmesis
529 2088 577 2150 his
598 2087 670 2150 loeis
694 2090 787 2150 exstat
809 2086 996 2169 (praepositio
1019 2091 1107 2152 verbo
1130 2108 1182 2152 suo
1204 2092 1379 2171 anteceditt:
1410 2081 1481 2155 ἀπό

272 2218 329 2281 μοι
360 2198 478 2262 θανεῖν
507 2190 620 2280 γένοιτ’
646 2201 695 2262 50.
720 2202 746 2274 1,
781 2189 850 2262 όιπδ
873 2189 904 2262 δ’
938 2193 1081 2278 ἐξείλετο
1111 2200 1160 2275 58,
1188 2190 1251 2265 όνδ
1282 2197 1371 2265 δεῦτε
1399 2205 1481 2284 βασ-

275 2303 406 2395 σαρήσω
429 2309 477 2372 63.
502 2311 530 2385 6,
563 2301 633 2373 ύπδ
659 2307 721 2393 μὲν
751 2307 913 2394 στέφανος
942 2304 1064 2386 πόλεος
1093 2304 1214 2375 όλωλεν
1245 2314 1294 2388 72,
1327 2310 1383 2378 διδ
1416 2311 1480 2396 (δὲ)

274 2418 368 2504 δέρην
389 2415 476 2504 κόψε
498 2417 600 2506 με’σην
622 2423 697 2497 8οα
719 2418 783 2486 κδδ
805 2418 842 2484 δὲ
864 2419 977 2497 λα’πος
1000 2416 1138 2507 ἐσχίσθη
1161 2425 1201 2487 80
1210 2428 1239 2489 b.

276 2534 304 2598 5.
345 2535 388 2595 de
417 2536 548 2597 verbo.
612 2533 813 2597 Memorabilis
844 2536 888 2596 est
916 2534 969 2598 ille
998 2534 1081 2597 loeus
1104 2536 1174 2610 2,7
1204 2534 1302 2617 (poeta
1332 2537 1482 2598 Baoohum

274 2645 422 2726 implorat)
437 2638 615 2727 γουνοῦμαί
636 2663 690 2709 σε·
714 2640 754 2708 οὐ
776 2636 809 2708 δ)
832 2635 965 2731 εὐμενὴς
987 2636 1066 2709 ἔλθ’
1091 2639 1174 2731 ίγμίν,
1189 2641 1423 2731 κεχαρισμένης
1445 2645 1466 2710 δ
1472 2639 1480 2664 ¹

274 2746 412 2841 εύχωλῆς
434 2749 616 2819 ἐπακούειν.
647 2750 843 2841 Κλεοβούλῳ
866 2747 900 2819 δ’
925 2746 1051 2839 όγαθδς
1072 2752 1160 2839 γένεο
1193 2751 1392 2839 σύμβουλος·
1423 2755 1481 2822 τὸν

276 2862 354 2951 ἒμδν
376 2859 412 2931 δ)
436 2859 544 2951 ἔρωτ’,
577 2856 603 2932 ὧ
637 2863 788 2948 Διόνυσε,
822 2862 978 2947 δέχεσθαι
1010 2868 1060 2950 (de
1084 2871 1216 2932 oodioum
1247 2872 1329 2932 varia
1357 2869 1482 2933 leotione

275 3000 303 3045 v.
317 3000 346 3061 p.
363 2979 427 3061 22).
465 2980 600 3043 Genuina
621 2982 760 3044 infinitivi
781 2983 858 3043 notio
881 2999 915 3042 ex
937 2980 993 3043 hoo
1014 2981 1077 3043 loeo
1092 2982 1199 3061 optime
1221 2983 1357 3060 eognosoi
1378 2985 1483 3061 potest

276 3093 350 3167 Quia
372 3093 450 3154 enim
473 3094 563 3154 dativi
586 3094 704 3171 signum
727 3110 795 3155 euru
816 3109 887 3170 prae
909 3092 1039 3154 referre
1070 3094 1141 3154 satis
1164 3094 1276 3154 constat
1297 3088 1370 3171 (qua
1392 3095 1430 3155 de
1451 3109 1482 3154 ro

276 3204 311 3268 of.
334 3203 368 3267 u.
391 3203 539 3277 wilhelm,
562 3203 599 3264 do
621 3203 758 3265 infinitivi
782 3245 885 3267 .....
907 3202 1000 3265 forma
1023 3205 1051 3265 et
1072 3221 1129 3265 usu
1150 3221 1179 3282 p.
1204 3199 1266 3283 14),
1295 3203 1481 3266 instrument

276 3331 391 3394 qnoque
412 3315 474 3376 vim
496 3314 593 3387 hebet,
616 3314 645 3377 h.
668 3332 693 3377 e.
713 3316 832 3393 ponitur
853 3315 890 3375 ad
912 3316 1055 3376 notionem
1072 3315 1302 3388 desoribendam,
1324 3331 1400 3394 quae
1415 3333 1482 3376 enm

276 3425 335 3487 alia
365 3427 426 3487 tam
454 3429 516 3488 arte
548 3426 703 3487 ooninnota
734 3427 779 3500 sit,
812 3430 845 3486 nt
877 3443 929 3505 per
958 3427 1163 3488 necessitatem
1185 3425 1332 3504 quandam
1353 3404 1399 3487 'ab
1433 3426 1483 3488 illa
1523 3455 1524 3466 υ

275 3538 409 3616 pendeat.
453 3536 542 3598 Poeta
563 3537 655 3616 igitur
684 3554 751 3599 oum
780 3554 797 3598 a
827 3537 879 3598 deo
911 3537 991 3618 petit,
1021 3540 1055 3599 ut
1084 3537 1142 3599 sibi
1171 3536 1313 3615 propitius
1335 3538 1435 3598 veniat
1457 3539 1484 3598 et

276 3666 379 3727 preoes
401 3664 470 3709 snas
494 3649 638 3720 exaudiat,
660 3649 693 3709 ut
709 3647 848 3710 Oleobulo
871 3649 945 3709 bene
962 3648 1102 3721 oonsulat,
1124 3665 1253 3710 amorem
1275 3649 1373 3709 autom
1396 3665 1484 3710 sunm

278 3761 411 3839 aooipiat
443 3761 566 3839 uterque
597 3759 759 3821 infinitivus
792 3760 934 3821 sotionem
965 3760 1089 3836 indioat‚
1125 3777 1200 3838 qnae
1232 3777 1267 3821 ex
1301 3759 1486 3821 auteoedenti

276 3872 391 3932 aetione
413 3869 489 3932 ultro
513 3870 646 3934 efficitur.
689 3868 763 3932 Rem
785 3872 826 3932 ita
855 3887 887 3932 se
918 3870 1028 3932 habere
1056 3871 1165 3932 formae
1194 3887 1307 3950 quoque
1328 3872 1485 3932 verborum

278 3983 390 4044 dooont.
434 3979 512 4043 Nam
542 3999 608 4042 oum
641 3984 763 4062 utroquo
794 3981 858 4043 loao
889 3982 988 4043 aoristi
1019 3983 1209 4061 imperativus
1239 3982 1352 4061 positus
1382 3983 1430 4055 sit,
1460 3983 1486 4042 is

277 4093 420 4154 notionem
443 4093 558 4154 denotat
588 4091 680 4155 semel
707 4092 875 4172 perfeotam,
907 4094 955 4153 oui
976 4092 1134 4155 adhaereat
1162 4092 1238 4153 aetio
1270 4092 1379 4154 durans
1399 4110 1485 4171 prae·

278 4205 370 4265 sentis
392 4205 535 4266 infinitivo
558 4203 712 4270 illustrata.

279 4316 308 4378 6.
337 4315 551 4378 Verborum
574 4315 788 4379 oollooetio
812 4315 1033 4394 simplioissima
1056 4316 1108 4379 est.
1129 4314 1345 4376 Vooabulornm
1360 4315 1440 4375 inter
1455 4331 1486 4375 se

279 4427 495 4489 oohaereutium
519 4428 728 4504 diremptionis,
750 4443 825 4504 quae
848 4427 929 4487 varia
952 4427 1003 4498 eet,
1036 4425 1166 4505 exempla
1188 4424 1329 4487 nonnulla
1349 4423 1486 4487 attulisse
