3078 5108
262 513 384 605 κήρυκα
400 512 472 582 ὅτευ
487 517 527 605 δὴ
539 517 704 605 χρήματος
718 515 911 606 δεησόμενον
923 513 973 600 (οὐ
988 517 1049 604 γὰρ
1061 508 1106 584 ῶν
1118 516 1156 605 δὴ
1172 513 1267 584 τοῦτό
1281 540 1315 602 γε
1328 515 1473 601 λέγεται)

263 627 321 694 καὶ
349 628 406 695 τὸν
429 626 641 716 Πολυκράτεα
669 633 775 710 τυχεῖν
803 627 1036 714 κατακείμενον
1065 628 1100 695 ἐν
1120 622 1286 715 ἀνδρεῶνι,
1316 632 1472 715 παρεῖναι

265 737 303 804 (λε’
323 735 354 804 οἳ
377 737 432 804 καὶ
449 732 668 824 Ἀνακρέοντα
690 739 746 804 τὸν
773 737 889 820 Τήιον·
913 741 982 806 κτλ.
1028 745 1106 806 Haeo
1129 747 1158 805 et
1180 743 1239 804 alia
1260 761 1337 822 quae
1358 744 1473 804 ibidem

265 858 421 916 narrantur
450 857 547 916 omnia
577 857 614 916 ad
637 855 801 917 Samiorum
831 873 981 917 sermones
1012 857 1082 934 quin
1111 856 1231 916 redeant
1261 856 1383 916 dubium
1406 872 1476 915 ease

265 983 323 1027 non
345 968 447 1043 potest.
490 965 588 1027 Nimis
621 966 714 1028 multa
745 970 842 1028 antem
873 965 1078 1028 concluserunt
1111 985 1145 1027 ex
1179 966 1228 1027 his
1257 967 1354 1028 verbis
1375 968 1398 1026 ii
1420 966 1473 1041 (ef.

266 1075 413 1150 Welclrcr,
436 1076 482 1137 Κλ.
500 1076 582 1140 Schr.
606 1076 722 1155 1254),
744 1079 795 1157 qni
809 1078 951 1155 putabant
971 1076 1023 1138 illa
1045 1077 1184 1140 Herodoti
1199 1078 1364 1138 cambone
1379 1079 1474 1155 signi-

264 1186 348 1247 ficari
370 1189 553 1260 Anacreonti,
583 1191 616 1249 ut
638 1205 692 1249 sua
714 1189 831 1266 negotia
860 1192 1035 1267 procuraret,
1065 1188 1249 1266 Polycratem
1271 1189 1476 1260 mandarissc;

264 1315 334 1358 nam
355 1298 430 1358 nihil
451 1298 532 1359 aliud
555 1315 695 1376 apparere
718 1299 792 1361 mihi
814 1300 931 1361 videtur
960 1317 995 1361 ex
1025 1300 1080 1361 boc
1101 1299 1165 1361 loco
1186 1301 1245 1360 nisi
1267 1300 1306 1371 id,
1328 1301 1405 1378 quod
1427 1300 1474 1361 ibi

265 1411 375 1471 dictum
390 1411 436 1482 sit,
449 1413 660 1472 Anacreontsm
674 1411 791 1474 fortuito
806 1409 936 1472 adfuisse
950 1412 1075 1491 satrapis
1089 1413 1211 1472 nuntius
1225 1428 1292 1472 cnm
1306 1411 1476 1481 adveniret;

264 1538 323 1600 qua
344 1522 375 1581 in
397 1539 428 1581 ra
451 1525 572 1600 uterque
595 1525 728 1582 verentes
749 1523 788 1583 sit
809 1523 841 1582 in
862 1525 972 1583 incerto
987 1522 1169 1600 relinquitur.
1203 1521 1298 1600 Igitur
1319 1521 1397 1582 idam
1411 1521 1477 1581 lere

264 1631 338 1693 haec
360 1633 489 1692 indIcant
510 1637 598 1710 atque
621 1649 663 1703 ea,
686 1649 762 1711 quae
784 1631 887 1696 suano
911 1634 947 1694 de
968 1634 1052 1712 poete
1075 1634 1147 1693 dicit
1168 1631 1237 1693 XIV
1261 1631 1338 1693 638:
1369 1624 1476 1713 τούτῳ

266 1736 498 1825 (Πολυκράτει)
530 1736 723 1822 συνεβίωσεν
747 1732 935 1823 Ἀνακρέων
975 1735 994 1806 ὁ
1024 1738 1218 1824 μελοποιός·
1259 1737 1314 1804 καὶ
1348 1739 1388 1826 δὴ
1418 1739 1477 1803 καὶ

265 1850 359 1916 στᾶσα
382 1847 401 1937 ἡ
423 1846 556 1936 ποίησις
579 1845 703 1936 πλίρης
725 1848 797 1915 ἐστὶ
818 1851 876 1938 τῆς
898 1849 977 1934 περὶ
999 1843 1097 1915 αὐτοῦ
1119 1846 1252 1937 μνήμης.

349 1964 452 2044 Usque
467 1966 503 2026 ad
519 1967 634 2043 tyranni
650 1968 772 2027 mortem
788 1964 869 2026 Sami
891 1965 946 2026 fuit
960 1969 1044 2043 poeta
1059 1967 1087 2026 et
1102 1966 1333 2044 perturbationes
1347 1983 1477 2044 quoque,

266 2091 341 2154 quae
362 2078 428 2152 post
450 2077 514 2136 sius
535 2079 657 2137 mortem
679 2077 709 2136 ln
731 2075 785 2136 illa
806 2075 904 2137 insula
927 2078 1040 2137 enonas
1063 2078 1139 2148 sunt,
1161 2078 1225 2154 lpse
1247 2078 1327 2138 vidit
1362 2076 1475 2136 llarum
1525 2133 1526 2136 ,

266 2189 344 2248 enim
359 2188 536 2247 mentionem
549 2187 618 2247 lecit
633 2188 663 2247 in
686 2204 720 2247 eo
735 2189 871 2262 carmine,
894 2190 996 2266 inquo
1011 2187 1156 2266 Megisten
1171 2187 1333 2265 Polycratis
1347 2205 1475 2266 puerum
1525 2189 1526 2244 i

266 2298 424 2376 alloquitur
457 2295 503 2377 (ir.
539 2295 591 2377 16)
605 2295 641 2377 ¹).
696 2297 801 2359 Postea
832 2297 986 2377 (qnantum
1024 2301 1164 2375 temporis
1199 2300 1325 2376 spatium
1359 2300 1480 2359 intersit

266 2409 407 2486 nescitur)
449 2408 580 2469 Athenas
618 2411 698 2470 venit
730 2410 767 2469 ab
807 2408 975 2488 Hipparcho
1015 2412 1136 2488 tyranno
1179 2409 1323 2470 adductus
1362 2405 1477 2485 (*Plat.

265 2519 425 2598 Hipparch.
449 2519 543 2591 2280,
567 2521 654 2581 Arist.
674 2509 753 2580 Ἀθ.
777 2515 853 2580 πολ.
878 2519 926 2592 18,
951 2519 993 2596 1).
1036 2519 1083 2580 Ibi
1106 2521 1133 2580 ei
1164 2520 1202 2581 ad
1226 2520 1334 2582 (initias
1356 2537 1476 2599 quoque

267 2632 385 2691 domum
407 2631 504 2691 aditus
527 2633 589 2691 erat
606 2633 726 2708 paratus
741 2629 829 2706 (Plat.
845 2630 961 2694 Oltarrn.
980 2631 1039 2692 157
1051 2633 1090 2708 a),
1114 2632 1202 2691 etiam
1218 2648 1319 2691 versus
1341 2613 1478 2692 serratus

268 2745 312 2802 est
343 2743 495 2813 carminis,
529 2743 561 2801 in
591 2759 647 2820 quo
682 2759 748 2802 eum
782 2740 925 2803 allocutus
957 2745 1002 2802 ast
1033 2741 1137 2818 (schol.
1158 2741 1265 2804 dasch.
1289 2741 1386 2802 Prom.
1412 2742 1475 2803 128

267 2879 308 2904 =
331 2853 364 2912 tr.
388 2851 451 2932 56).
494 2851 599 2913 Postea
622 2852 711 2913 huius
741 2852 849 2914 Critiae
877 2869 975 2931 nepos,
1005 2855 1146 2930 tyrannus
1174 2851 1233 2925 illa,
1263 2855 1477 2914 anacreontem
1524 2903 1525 2930 p

267 2966 396 3025 carmina
419 2963 577 3024 celebravit
599 2962 718 3039 (Athen.
739 2963 813 3024 XIII
836 2962 897 3024 600
909 2963 949 3040 d).
992 2961 1059 3023 Non
1089 2964 1150 3023 tam
1181 2966 1259 3024 certa
1281 2981 1328 3024 res
1363 2966 1406 3024 sst
1437 2965 1478 3025 de
1524 2961 1525 2970 ’

266 3075 431 3153 Xanthippo
459 3074 582 3136 Periclis
612 3078 701 3153 patre.
744 3074 914 3148 Himerius,
943 3076 994 3154 qui
1025 3076 1061 3135 ad
1090 3073 1239 3134 lulianum
1269 3075 1479 3152 imperatorem
1524 3113 1525 3126 ι

268 3187 451 3264 proiecturus
465 3184 691 3246 Thessalonicae
706 3187 864 3247 orationem
879 3159 976 3258 habet,
991 3203 1056 3246 sess
1071 3186 1219 3262 comparat
1234 3200 1302 3244 cum
1315 3184 1478 3258 Simonide,

269 3299 322 3376 qui
344 3296 443 3357 Pisam
465 3313 590 3374 pergens
612 3298 643 3357 in
664 3298 769 3358 itincre
800 3298 836 3358 ab
859 3296 941 3357 Eleis
970 3297 1007 3357 ad
1038 3313 1137 3358 eorum
1160 3296 1264 3357 urbem
1286 3298 1352 3356 ante
1374 3293 1479 3356 Iovem

340 3481 364 3547 1)
382 3485 438 3530 Non
458 3485 510 3530 sine
528 3482 704 3543 probabilitate
722 3484 827 3543 quadam
847 3484 949 3532 Cresius
966 3484 983 3529 1.
1002 3497 1024 3531 ο.
1042 3497 1067 3542 p.
1086 3486 1152 3532 20³8
1171 3484 1352 3542 huncquoque
1376 3497 1479 3529 versum

269 3569 421 3616 Anacreonti
441 3569 527 3615 tribuit
545 3569 588 3627 qui
605 3570 695 3629 legitur
711 3569 806 3617 Zenob.
826 3570 862 3615 lll
882 3571 914 3617 90
930 3565 974 3634 (ει
992 3567 1088 3628 Corpus
1105 3570 1268 3629 paroemIogr.
1286 3569 1299 3614 1
1317 3565 1374 3630 te):
1403 3563 1480 3630 ἕκητι
1523 3631 1524 3634 ¹

268 3651 435 3709 Συλοσῶντος
454 3647 611 3719 εὐρυχωρίῃ·
631 3651 754 3705 Συλοσῶν
766 3651 869 3718 Σάμιος
880 3651 952 3717 φίλος
965 3649 1064 3717 ἐγένετο
1076 3651 1176 3718 Δαρείῳ
1193 3650 1230 3719 τῷ
1247 3651 1355 3716 Περσῶν
1368 3652 1481 3717 βασιλεῖ,

267 3735 312 3789 καλ
338 3732 371 3789 δι’
389 3732 467 3788 αὐτοῦ
493 3733 540 3800 τήν
567 3734 591 3789 έν
617 3734 703 3806 Σάμῳ
725 3736 873 3791 δυναστείαν
899 3735 1026 3806 παρέλαβε
1056 3734 1257 3802 τελευτήσαντος
1285 3733 1477 3801 Πολυκράτους.

268 3825 325 3871 Non
350 3830 416 3871 recta
443 3833 524 3871 autent
542 3826 577 3872 sic
602 3826 727 3885 porgitur:
755 3821 812 3876 duat
836 3820 866 3876 δὲ
883 3822 982 3886 πικρῶς
1008 3820 1052 3874 καλ
1076 3821 1194 3890 χαλεπῶς
1218 3809 1306 3889 ἦρχεν,
1332 3817 1480 3879 ἐκλιπόντες

268 3903 314 3970 τήν
331 3906 407 3973 νῆσον
426 3907 448 3958 οἱ
465 3906 566 3967 τελείους
591 3905 755 3976 μετῴκησαν.
782 3902 843 3961 ’ὅθεν
868 3903 885 3972 ἢ
904 3907 1027 3973 παροιμία
1050 3907 1096 3976 (sic
1114 3923 1211 3969 quoqne
1228 3907 1309 3958 strab.
1326 3908 1388 3955 XIV
1407 3906 1479 3972 8³8).

269 3994 435 4055 Sylosontem‚
463 3996 562 4056 tyranni
588 3996 697 4053 tratrem,
723 3995 855 4043 Persarum
882 3995 949 4053 ragis
974 3996 1042 4042 iussu
1061 3993 1153 4042 Otanes
1179 3999 1290 4054 satrapas
1313 3994 1339 4040 vl
1363 3999 1387 4041 et
1404 3995 1481 4039 armis

270 4083 402 4140 tyrannum
420 4079 486 4135 facit.
505 4080 605 4140 plurimi
623 4087 704 4128 antem
723 4082 799 4142 cives,
817 4081 860 4140 qni
879 4080 932 4127 eins
949 4080 1079 4140 imperinm
1097 4093 1146 4126 non
1174 4093 1247 4139 possa
1273 4079 1331 4126 sarri
1349 4078 1479 4138 putabant·

269 4169 313 4211 aut
330 4167 442 4212 volentos
460 4165 541 4213 insula
558 4167 645 4214 relicta
664 4167 725 4214 alibi
743 4180 835 4213 novum
849 4165 1000 4213 domicilium
1018 4165 1065 4212 sibi
1084 4170 1242 4225 paraverunt,
1261 4170 1311 4224 aut,
1330 4178 1386 4212 eum
1397 4163 1480 4211 Parsis

269 4251 424 4309 resisterent,
443 4251 564 4298 interlecti
583 4257 649 4303 sunt.
684 4250 723 4298 CI.
742 4251 864 4298 Herodoti
882 4250 969 4298 harum
994 4264 1076 4297 rernm
1094 4251 1262 4320 narrationem
1279 4249 1316 4296 111
1336 4251 1480 4308 lit—149,

269 4340 293 4383 at
309 4335 431 4396 imprimis
450 4338 512 4384 149:
537 4332 584 4400 τήν
603 4334 632 4387 at
650 4331 741 4400 Σάμον
766 4330 970 4400 σαγηνεύσαντες
996 4333 1018 4386 ολ
1037 4319 1138 4398 Πέρσαι
1162 4330 1304 4398 παρέδοσαν
1332 4331 1481 4384 Συλοσῶντι

269 4416 362 4484 ἔρημον
381 4408 457 4471 οὖσαν
476 4415 584 4486 ἀνδρῶν.
