3078 5108
538 1342 651 1429 Caput
672 1343 840 1429 primunr.

117 1505 175 1574 Ile
202 1475 461 1574 Anacreontis
488 1500 574 1574 vitu
600 1501 759 1592 eiusque
787 1501 1001 1574 carminum
1026 1503 1257 1577 editionibus
1391 1503 1392 1508 ’

597 1627 778 1721 antiquis.

168 1834 224 1896 'Pec
247 1836 437 1895 Anacreontis
459 1835 554 1914 patria
581 1834 653 1895 urbe
675 1851 751 1895 anno
767 1833 828 1896 545
851 1833 983 1896 aPersis
998 1838 1161 1914 expugnata
1176 1835 1290 1914 (Heri

85 1943 163 2026 168)
186 1948 272 2024 posta
295 1947 365 2026 quin
387 1962 446 2007 una
476 1963 544 2006 cum
572 1946 762 2024 popularibus
791 1948 940 2009 Abderam
969 1964 1033 2007 sese
1056 1945 1212 2008 contulerit
1233 1965 1290 2012 non

19 2053 21 2059 ⁸
80 2058 206 2118 dubium
229 2059 280 2129 est,
304 2058 329 2118 si
352 2058 470 2136 quidem
493 2056 533 2128 id,
556 2057 633 2130 quod
664 2056 770 2118 Suidas
794 2059 828 2118 de
851 2074 884 2118 ec
906 2058 978 2117 dicit
999 2057 1035 2132 (s.
1059 2059 1115 2134 v.):
1142 2051 1292 2119 ἐκπεσών

78 2162 118 2228 δὲ
145 2161 292 2229 Τέω...,
315 2157 438 2250 ᾤκησεν
449 2158 602 2248 ’Ἄβδηρα
626 2161 661 2228 c'i
686 2159 816 2251 Θρᾴιῃ,
847 2171 961 2228 veteres
988 2171 1066 2229 recte
1089 2169 1292 2230 concluserunt

82 2296 118 2340 ex
142 2279 205 2339 eius
228 2278 414 2350 carminibus,
437 2278 544 2356 quibus
572 2277 713 2339 Thraciae
741 2279 824 2340 urbis
855 2280 1032 2340 montionem
1061 2279 1131 2340 iecit
1153 2280 1203 2356 (ci.
1227 2280 1290 2340 eius

80 2391 113 2450 in
128 2389 313 2468 Agathonem
330 2389 489 2451 Abderiten
505 2391 684 2467 epigramma
699 2392 733 2450 A.
748 2389 780 2449 Ρ.
796 2389 855 2450 VII
871 2389 932 2450 226
949 2392 977 2450 et
990 2389 1024 2450 ir.
1042 2389 1119 2452 130:
1141 2393 1291 2470 practerea

79 2518 198 2562 versum
221 2500 315 2572 illum,
343 2501 392 2580 qui
416 2502 451 2562 de
474 2499 607 2562 Teiorum
631 2500 743 2562 colonia
765 2501 1023 2562 circumferebatur
1033 2491 1186 2584 ’Ἄβδηρα
1209 2497 1293 2584 καλὴ

38 2671 45 2690 ,
84 2603 192 2692 Τηίων
224 2600 362 2693 dcccclv]
392 2609 485 2673 Strab.
516 2610 586 2672 xli
620 2610 695 2684 644,
728 2629 815 2691 quem
846 2613 1036 2674 Anacreontis
1068 2630 1132 2674 esse
1166 2614 1291 2675 coniecit

81 2721 205 2784 drusius
227 2724 304 2800 apud
326 2721 579 2800 Pauly-Wissovra
600 2724 616 2783 I
640 2719 745 2803 2036).
790 2723 936 2798 Quamdiu
966 2723 1008 2784 ibi
1036 2722 1124 2784 fuerit
1144 2741 1200 2784 ncn
1224 2740 1291 2784 cou-

78 2836 146 2905 stat
169 2831 290 2895 Samum
325 2836 423 2894 autem
446 2836 523 2894 certe
554 2836 617 2895 tum
648 2811 735 2910 venit,
767 2851 834 2894 cnm
855 2833 1021 2912 Polycrates
1052 2835 1142 2894 totins
1175 2832 1291 2896 insulae

8 3009 9 3016 χ
77 2946 238 3024 imperinm
268 2945 399 3006 obtinuit
443 2943 564 3006 Veteres
595 2947 696 3006 codem
728 2948 857 3023 temporo
889 2948 1003 3023 poetam
1035 2946 1123 3006 etiam
1154 2945 1289 3031 floruisse

77 3056 199 3136 tradunt
227 3054 276 3132 (ci.
307 3055 425 3117 Hieron.
447 3056 485 3116 ad
500 3054 551 3116 ¹Ol.
575 3055 637 3134 62),
671 3058 748 3134 quod
780 3053 832 3116 cur
861 3058 1039 3135 sumpserint
1068 3058 1201 3134 apertum
1229 3058 1289 3128 cst;

77 3168 150 3245 quia
172 3166 251 3227 euim
272 3165 431 3245 Polycratis
453 3167 484 3226 in
506 3165 574 3227 aula
604 3166 660 3228 tuit
690 3169 809 3246 eiusque
838 3168 1088 3246 magnificentiam
1111 3167 1291 3228 carminibus

78 3277 247 3349 celebravit,
270 3278 301 3338 id
324 3279 400 3355 qnod
422 3277 552 3357 antiquis
574 3296 707 3339 summus
730 3279 794 3340 eius
815 3280 893 3340 vitae
916 3282 1037 3340 eventus
1060 3296 1125 3340 esse
1140 3280 1222 3339 visus
1238 3280 1290 3350 est

77 3389 184 3450 aetatis
207 3389 295 3450 robur
325 3389 384 3449 iam
407 3391 544 3467 adeptum
566 3390 779 3451 Anacreontem
810 3407 844 3451 eo
874 3407 906 3450 se
937 3389 1094 3452 contulisse
1115 3405 1290 3468 persuasum

79 3499 238 3560 habebant.
288 3499 370 3560 Haec
399 3500 492 3578 igitur
520 3501 593 3562 ratic
624 3517 801 3579 quamquam
831 3502 1014 3561 externarum
1046 3501 1159 3560 tautum
1192 3516 1291 3560 rerum

78 3611 256 3688 cogitatione
278 3611 388 3683 nititur,
411 3612 588 3673 tamennon
610 3628 730 3689 prorsus
751 3611 826 3672 falsa
848 3614 907 3675 cst:
930 3628 998 3673 nam
1021 3612 1057 3672 de
1079 3611 1162 3671 urbis
1177 3611 1289 3688 patriae

76 3722 198 3782 interitu
221 3737 288 3782 cum
319 3723 383 3799 ipse
412 3720 547 3800 loquatur
569 3721 614 3796 (fr.
638 3720 687 3783 36.
711 3721 773 3797 72),
801 3723 844 3784 sic
873 3739 988 3801 quoquc
1016 3723 1054 3783 ad
1083 3738 1193 3783 aunum
1226 3719 1287 3782 570

77 3832 140 3893 lere
162 3832 332 3894 reducimur
353 3833 429 3893 vitas
450 3833 527 3893 initii
549 3835 707 3894 torminum
730 3835 901 3895 extremum.

164 3941 210 4003 De
232 3942 330 4004 Samio
353 3945 416 4004 eius
438 3944 515 4004 vitae
537 3945 667 4023 tompore
682 3946 813 4006 veterum
835 3945 1001 4006 testimonia
1023 3944 1144 4004 minime
1168 3943 1290 4006 desunt:

81 4055 179 4114 omnia
210 4071 258 4115 me
279 4054 330 4116 bic
352 4055 474 4116 reddere
496 4057 565 4134 quia
587 4072 660 4133 opus
682 4074 740 4117 non
763 4059 814 4128 cst,
844 4055 953 4117 sufficit
974 4056 1205 4116 vetustissimam
1229 4071 1290 4115 cm-

80 4165 162 4224 nium
184 4164 319 4226 attulisse
341 4165 480 4228 Herodoti
503 4167 673 4227 memoriam
696 4167 743 4228 llI
768 4167 837 4240 121,
867 4168 919 4229 ubi
948 4167 984 4227 de
1007 4165 1111 4228 Oroete
1132 4163 1291 4226 Persarum

80 4277 195 4354 satrape
224 4274 371 4354 Polycrati
399 4277 523 4338 insidias
552 4281 672 4355 parante
702 4277 774 4340 baec
805 4278 961 4357 leguntur:
990 4269 1021 4338 οἱ
1054 4271 1091 4338 δὲ
1115 4267 1291 4348 ἐλάσσονες

83 4384 218 4463 (oppositi
243 4390 312 4452 sunt
332 4379 363 4448 οἱ
388 4381 523 4462 πλέονες
548 4388 622 4466 120)
645 4384 772 4469 λέγουσι
796 4384 933 4470 πέμψαι
951 4377 1098 4471 Ὀροίτεα
1121 4380 1156 4460 ἐς
1179 4377 1292 4466 Σάμον

1064 4493 1079 4548 1
