3078 5108
582 357 775 430 ÷c-

70 556 218 615 sententia
250 571 268 614 a
294 571 362 614 vera
389 571 475 633 quam
501 554 598 615 aliena
632 556 671 616 sit
695 556 830 632 pluribus
856 556 914 616 dici
938 572 1010 633 opus
1037 574 1093 617 non
1120 559 1177 628 est,
1211 557 1280 635 quia

73 667 201 743 priscam
219 667 282 726 eius
302 667 462 742 imaginem
486 667 630 743 cognitam
651 666 827 728 habemuse
848 665 997 744 praeclaro
1019 666 1070 728 illo
1091 669 1280 728 Anacreontis

70 778 157 854 signo
179 775 310 837 Berolini
333 793 410 837 nunc
433 776 596 852 serrato⁴).

158 886 217 948 Sed
248 889 295 947 ad
314 889 429 965 poetam
462 889 559 965 ipsum
592 891 778 949 revertamur.
824 889 915 964 Quam
947 891 997 950 diu
1026 892 1090 968 poet
1119 890 1280 969 Hipparchi

70 1002 196 1059 mortem
218 997 343 1059 Athenis
373 995 505 1077 1888115)
528 1001 580 1059 881
613 1015 669 1077 quo
701 1001 831 1078 tempore
865 1002 893 1060 et
922 1001 971 1062 ubi
1001 1018 1169 1078 supremum
1202 1004 1280 1063 diem

72 1109 179 1170 obierit
201 1111 357 1170 nescimus.
401 1109 544 1170 Theocriti
567 1110 687 1188 quidem
711 1113 890 1189 epigramma
914 1111 952 1172 16
977 1115 1005 1172 81
1026 1111 1184 1174 Simonidis
1203 1115 1279 1192 quod

71 1221 179 1281 dicitur
201 1222 234 1280 A.
258 1218 289 1280 Ρ.
313 1220 370 1280 VII
394 1221 434 1282 85
459 1219 517 1281 'lei
533 1222 595 1281 eius
619 1239 682 1282 esse
704 1220 871 1299 sepulerum
894 1225 1020 1295 sumunt,
1042 1226 1075 1284 ut
1095 1227 1209 1302 poetam
1225 1227 1280 1286 sub

73 1331 259 1393 1118811888
283 1335 315 1392 in
336 1333 460 1409 patriam
484 1333 585 1394 urbem
610 1333 734 1394 rediisse
750 1332 907 1394 verisimile
930 1351 995 1394 esse
1016 1335 1156 1407 videatur,
1180 1353 1280 1414 quam:

73 1459 162 1521 quam
184 1442 290 1503 borum
311 1443 475 1503 testimonio
499 1445 608 1503 tantam
639 1443 725 1504 fidem
760 1461 817 1504 non
846 1446 942 1504 inesse
964 1448 1040 1523 puto,
1071 1450 1104 1506 ut
1124 1448 1280 1525 utrumque

70 1555 168 1631 potius
190 1553 318 1614 tabulam
343 1555 484 1631 deposta
507 1555 670 1614 reddidisse
693 1556 794 1632 negari
818 1557 917 1632 possit.

157 1664 222 1725 Tali
243 1666 275 1724 18
290 1665 480 1725 Anacreontis
503 1666 592 1743 poesi,
615 1682 689 1743 quas
712 1667 903 1743 pristinorum
925 1671 1088 1744 temporum
1110 1671 1279 1730 memoriam

67 1793 204 1838 revocare
226 1793 282 1837 888
314 1776 436 1848 studeat,
467 1778 518 1836 sed
542 1776 617 1836 dona
646 1776 797 1854 praeierat,
831 1795 907 1856 quae
936 1795 1075 1855 praesens
1095 1781 1210 1856 tempus
1233 1781 1280 1841 rel

68 1887 133 1948 dies
148 1888 275 1964 praebet,
300 1886 451 1948 historiam
468 1886 633 1968 fabularum
649 1890 765 1948 omnino
782 1887 899 1966 neglegi
914 1906 997 1949 nemo
1014 1892 1275 1952 contaminabitur:

70 2002 188 2077 proptor
217 1998 322 2059 barum
345 1999 587 2075 contemptionem
617 1997 686 2059 licet
716 2016 783 2059 eum
814 2015 980 2076 comparare
1014 2018 1080 2061 oum
1102 2002 1275 2063 Mimnermo

69 2109 256 2186 Colophonio.
300 2107 415 2170 Paneas
438 2110 530 2187 igitur
551 2111 665 2170 tantum
688 2127 735 2170 res
758 2111 821 2170 eius
843 2111 939 2189 poesie
961 2110 1155 2189 amplectitur.

156 2220 311 2281 Terrarum
332 2223 363 2290 ct
376 2222 539 2298 regionum,
563 2238 637 2298 quas
659 2222 723 2300 ipse
745 2222 827 2294 vidit,
850 2223 950 2284 notitia
972 2224 1081 2300 Aegaei
1097 2225 1187 2282 meris
1201 2223 1275 2286 fines

68 2333 238 2410 transgredi
271 2349 328 2392 888
360 2332 483 2393 videtur.
527 2333 661 2392 Abderae
686 2333 754 2410 quia
775 2333 839 2404 tuit,
861 2332 988 2394 Phraoes
1011 2351 1134 2412 quoquc,
1158 2335 1278 2413 quibus-

69 2461 136 2505 cum
157 2442 292 2503 'doiorum
323 2442 433 2502 colonia
465 2444 582 2520 saepius
612 2445 690 2504 certe
721 2441 831 2504 bellum
855 2445 954 2522 gessit,
986 2463 1053 2506 auur
1082 2448 1277 2507 nominavisse

65 2536 115 2619 (ir.
142 2551 215 2634 130)
240 2571 329 2631 supra
352 2555 410 2614 iam
433 2555 501 2614 dixi.
533 2554 682 2632 Mysorum
705 2556 901 2616 inventionem
924 2555 1053 2634 aliquam
1076 2561 1281 2620 commemorat

66 2666 101 2727 tr.
124 2664 173 2742 35,
198 2658 397 2741 Σόλοικονθ)
421 2657 571 2746 φθόγγον
592 2666 723 2726 nominat
737 2667 887 2738 rusticam,
909 2667 1037 2742 ineptam
1053 2684 1152 2728 vocem
1174 2667 1207 2728 ir.
1224 2667 1280 2741 79;

138 2832 164 2896 4)
183 2835 221 2883 Oi.
240 2835 349 2895 Kekule,
376 2833 464 2881 Jahrb.
483 2835 505 2880 d.
529 2835 590 2882 Inst.
612 2835 686 2892 1891,
712 2849 737 2894 p.
757 2838 805 2883 119
835 2841 859 2882 81
884 2835 934 2882 tab.
954 2837 979 2884 3.
1014 2838 1177 2884 Anacreontis
1201 2843 1280 2886 statua

68 2920 222 2968 Haunieueis
240 2918 324 2984 (Arcb.
345 2921 400 2978 Ztg.
423 2921 499 2981 1884,
519 2919 569 2966 tab.
591 2915 633 2983 11)
650 2922 674 2964 et
697 2919 795 2979 signum
813 2920 973 2967 Berolinenee
996 2921 1100 2968 redeunt
1123 2923 1154 2969 ad
1173 2927 1279 2970 statuam

64 3007 189 3067 quandam
207 3006 302 3056 8888811
317 3005 397 3066 quinti
417 3017 537 3052 aeneam:
557 3005 588 3051 ct.
605 3004 714 3066 Kekult,
732 3006 749 3050 l.
762 3019 784 3051 c.
798 3020 821 3064 p.
837 3007 894 3053 111.
913 3005 951 3052 De
964 3006 1019 3053 81118
1032 3012 1119 3065 poetae
1131 3009 1279 3068 simulacris,

64 3106 128 3152 quae
145 3091 255 3139 indidem
274 3089 411 3138 derivanda
432 3105 486 3138 essa
512 3090 657 3156 affirmatur,
682 3104 706 3136 v.
733 3089 909 3153 Fnrtwtingler,
936 3091 1066 3140 Meisterw.
1086 3107 1110 3152 p.
1130 3096 1161 3142 98
1179 3095 1235 3140 adn.
1257 3097 1279 3142 1.

65 3178 112 3226 888
130 3182 196 3226 recte
215 3177 388 3224 iudicaverunt
411 3191 489 3237 neque
508 3175 606 3222 Kekule
632 3189 711 3236 neque
729 3177 902 3238 Furtwtngler
920 3177 949 3240 (l.
969 3174 1010 3238 8.),
1029 3191 1084 3223 cum
1103 3178 1168 3224 hanc
1186 3179 1278 3226 saeculi

64 3262 146 3323 quinti
164 3267 272 3311 statuam
291 3264 334 3310 ille
364 3262 501 3324 80888118,
526 3263 566 3308 hic
593 3261 713 3308 al'hidia
730 3263 820 3309 iactam
847 3276 901 3310 8888
925 3275 1067 3322 persuasum
1093 3263 1187 3311 habant
1204 3269 1278 3324 atque

68 3351 182 3408 eandem,
201 3362 275 3408 quam
288 3350 313 3396 in
327 3348 515 3395 Atheniensium
528 3361 584 3394 arcs
598 3347 705 3408 positam
722 3361 775 3396 8888
786 3347 921 3395 Ρ88888188
940 3347 998 3394 81811
1013 3346 1099 3411 (188).
1118 3350 1278 3408 Argumenta,

68 3448 132 3495 quae
158 3440 260 3494 uterque
287 3433 405 3494 protulit,
432 3433 477 3479 has
495 3434 628 3481 8881881188
655 3433 742 3480 1818188
767 3447 817 3480 888
840 3439 951 3493 possunt.
987 3434 1090 3480 Brnnnii
1115 3435 1279 3483 coniecturam

65 3519 135 3587 (888.
159 3521 235 3580 1888,
256 3516 325 3585 184),
344 3519 387 3580 qni
405 3518 576 3574 Anacreontis,
594 3518 742 3579 Xanthippi,
765 3519 870 3567 Periclis
895 3523 996 3578 statuae,
1023 3533 1125 3578 quarum
1144 3519 1280 3568 Pausanias

65 3609 84 3653 1.
103 3621 125 3655 c.
145 3605 295 3653 mentionem
314 3604 386 3664 iacit,
405 3605 468 3650 inter
492 3619 517 3651 se
543 3604 672 3651 cohaerere
696 3610 720 3650 81
738 3603 847 3650 eiusdem
871 3604 979 3660 artificis,
1007 3605 1030 3650 h.
1050 3620 1071 3654 e.
1090 3604 1201 3652 Cresilae
1218 3619 1280 3664 opua

70 3705 124 3739 8888
142 3690 256 3750 putabat,
276 3689 403 3750 redarguit
421 3690 601 3752 Furtwangler,
619 3690 636 3736 1.
656 3704 676 3737 c.
696 3705 720 3750 p.
741 3691 773 3738 89
791 3690 848 3736 adn.
868 3687 941 3756 8(81.
960 3703 1058 3750 qnoque
1076 3690 1126 3747 Six,
1145 3689 1234 3739 Jahrb.
1254 3691 1278 3738 d.

69 3778 130 3824 1881.
152 3777 227 3833 1891,
256 3777 304 3824 188
328 3772 456 3839 aon.1a).
493 3773 541 3822 Sed
569 3776 642 3822 811818
668 3776 742 3822 huius
768 3775 815 3820 viri
841 3775 906 3822 docti
933 3775 1063 3836 sententia,
1090 3774 1227 3836 Xanthippi
1255 3780 1280 3822 81

73 3862 236 3909 Anacreontis
253 3861 325 3920 signa
342 3860 373 3908 ab
392 3861 486 3920 eodem,
506 3861 531 3910 b.
550 3875 572 3910 e.
592 3861 688 3908 Pericle
708 3874 761 3908 esse
774 3860 895 3920 dedicata,
913 3860 1013 3908 minime
1032 3867 1163 3920 certesei,
1183 3860 1228 3908 8181
1241 3875 1279 3922 88,
1338 3889 1342 3898 ·

71 3961 134 4006 quaa
152 3960 228 4006 snpra
246 3947 276 3993 de
294 3947 384 3994 Anacr.
403 3947 432 3993 tr.
453 3949 501 3994 118
520 3946 579 4002 dixi,
598 3946 634 3994 818
653 3947 793 3993 confirmari
811 3946 895 3992 velim.

139 4033 165 4092 8)
184 4032 299 4079 Larissae
318 4032 383 4091 apud
402 4030 527 4079 Aleuadas
546 4045 601 4078 eum
620 4031 696 4079 inisse
717 4038 822 4092 constat,
841 4032 871 4078 de
889 4045 938 4090 quo
956 4031 1012 4078 vide
1031 4045 1094 4090 quae
1112 4032 1177 4078 inira
1195 4032 1226 4078 ad
1245 4034 1277 4080 A.

69 4118 98 4167 P.
117 4118 151 4163 Vl
170 4118 218 4166 188
238 4123 262 4164 81
281 4119 329 4165 148
349 4117 438 4166 dicam.

138 4200 165 4266 8)
184 4202 319 4252 Herodian.
339 4203 370 4250 de
388 4202 485 4250 barber.
506 4203 571 4263 apud
589 4204 702 4249 Ammon.
722 4217 745 4262 p.
765 4202 814 4250 198
834 4201 970 4250 vileires:
988 4197 1126 4258 Σολοίκους
1145 4195 1173 4251 δὲ
1194 4195 1277 4262 ἔλεγον

69 4285 212 4340 8188118881
235 4281 294 4344 τοὺς
319 4283 476 4353 βαρβάρους·
502 4280 583 4351 ὁγὰρ
601 4279 745 4348 ’sonasset
763 4283 837 4351 Εφησί
855 4284 882 4353 (l.
903 4285 950 4348 8)·
974 4279 1106 4350 ’κοίμησον
1130 4279 1158 4337 δ’
1179 4272 1200 4336 oi
1225 4281 1277 4334 Ζεῦ

69 4369 192 4424 notatae
205 4366 335 4438 φθόγγοιί,
348 4369 392 4422 καὶ
403 4367 531 4432 'landoni
544 4372 583 4438 (ir.
596 4371 652 4439 48)·
666 4364 790 4429 Ι’8181888
803 4369 948 4431 neocaesar,
960 4361 992 4434 ἧι
1005 4363 1110 4438 λάβωσι,
1129 4367 1234 4433 περιᾶσι
1244 4367 1277 4435 (8)

69 4453 177 4523 Φρύγας
203 4453 247 4521 μὲν
266 4453 292 4514 ἐς
311 4454 424 4519 Μίλητον
446 4451 665 4523 ἄλφιτεύσονταςῖ
701 4457 780 4504 Simili
806 4458 879 4504 modo
897 4456 974 4504 verbo
995 4454 1139 4516 σολοικίζειν
1160 4457 1277 4502 translate
